
</collection>
<collection xmlns="http://www.loc.gov/MARC21/slim">
<record>
  <controlfield tag="001">2293463</controlfield>
  <controlfield tag="003">SzGeCERN</controlfield>
  <controlfield tag="005">20221102231453.0</controlfield>
  <datafield tag="024" ind1="8" ind2=" ">
    <subfield code="a">oai:cds.cern.ch:2293463</subfield>
    <subfield code="p">cerncds:TALK</subfield>
    <subfield code="p">cerncds:MEMORIAV</subfield>
  </datafield>
  <datafield tag="041" ind1=" " ind2=" ">
    <subfield code="a">eng</subfield>
  </datafield>
  <datafield tag="041" ind1=" " ind2=" ">
    <subfield code="a">fre</subfield>
  </datafield>
  <datafield tag="041" ind1=" " ind2=" ">
    <subfield code="9">review</subfield>
    <subfield code="a">eng</subfield>
  </datafield>
  <datafield tag="088" ind1=" " ind2=" ">
    <subfield code="9">CERN-VIDEO-C-584-A</subfield>
  </datafield>
  <datafield tag="088" ind1=" " ind2=" ">
    <subfield code="9">CERN-VIDEO-C-584-B</subfield>
  </datafield>
  <datafield tag="245" ind1=" " ind2=" ">
    <subfield code="a">DG's Staff meeting</subfield>
  </datafield>
  <datafield tag="260" ind1=" " ind2=" ">
    <subfield code="a">Geneva</subfield>
    <subfield code="b">CERN</subfield>
    <subfield code="c">2000</subfield>
  </datafield>
  <datafield tag="260" ind1=" " ind2=" ">
    <subfield code="9">review</subfield>
    <subfield code="c">2000</subfield>
  </datafield>
  <datafield tag="269" ind1=" " ind2=" ">
    <subfield code="c">2000-11-21</subfield>
  </datafield>
  <datafield tag="300" ind1=" " ind2=" ">
    <subfield code="2">CERN-VIDEO-C-584-A</subfield>
    <subfield code="8">A</subfield>
  </datafield>
  <datafield tag="300" ind1=" " ind2=" ">
    <subfield code="2">CERN-VIDEO-C-584-B</subfield>
    <subfield code="8">B</subfield>
  </datafield>
  <datafield tag="340" ind1=" " ind2=" ">
    <subfield code="8">A</subfield>
    <subfield code="9">DG's STAFF MEETING</subfield>
    <subfield code="a">Betacam</subfield>
    <subfield code="j">Master</subfield>
    <subfield code="k">20001121</subfield>
    <subfield code="k">English</subfield>
  </datafield>
  <datafield tag="340" ind1=" " ind2=" ">
    <subfield code="8">B</subfield>
    <subfield code="9">DG's STAFF MEETING</subfield>
    <subfield code="a">Betacam</subfield>
    <subfield code="j">Master</subfield>
    <subfield code="k">20001121</subfield>
    <subfield code="k">French</subfield>
  </datafield>
  <datafield tag="340" ind1=" " ind2=" ">
    <subfield code="a">paper</subfield>
  </datafield>
  <datafield tag="490" ind1=" " ind2=" ">
    <subfield code="a">Meeting</subfield>
  </datafield>
  <datafield tag="500" ind1=" " ind2=" ">
    <subfield code="a">The video was digitized from its original recording as part of the CERN Digital Memory project</subfield>
  </datafield>
  <datafield tag="511" ind1=" " ind2=" ">
    <subfield code="a">Maiani, L</subfield>
  </datafield>
  <datafield tag="511" ind1="1" ind2=" ">
    <subfield code="8">a</subfield>
    <subfield code="9">review</subfield>
    <subfield code="a">Luciano Maiani</subfield>
  </datafield>
  <datafield tag="511" ind1="1" ind2=" ">
    <subfield code="8">b</subfield>
    <subfield code="9">review</subfield>
    <subfield code="a">Luciano Maiani</subfield>
  </datafield>
  <datafield tag="514" ind1=" " ind2=" ">
    <subfield code="8">a</subfield>
    <subfield code="a">Low RF, noisy picture -</subfield>
  </datafield>
  <datafield tag="514" ind1=" " ind2=" ">
    <subfield code="8">b</subfield>
    <subfield code="a">Audio present but not on all channels -</subfield>
  </datafield>
  <datafield tag="518" ind1=" " ind2=" ">
    <subfield code="a">CERN, Geneva - 21 Nov 2000</subfield>
  </datafield>
  <datafield tag="520" ind1=" " ind2=" ">
    <subfield code="8">a</subfield>
    <subfield code="9">review</subfield>
    <subfield code="a">A talk by Luciano Maiani during the CERN staff meeting</subfield>
  </datafield>
  <datafield tag="542" ind1=" " ind2=" ">
    <subfield code="d">CERN</subfield>
    <subfield code="g">2000</subfield>
  </datafield>
  <datafield tag="542" ind1="1" ind2=" ">
    <subfield code="9">review</subfield>
    <subfield code="d">CERN</subfield>
    <subfield code="g">2000</subfield>
  </datafield>
  <datafield tag="583" ind1="1" ind2=" ">
    <subfield code="2">pda</subfield>
    <subfield code="3">Betacam</subfield>
    <subfield code="5">SzGeCERN</subfield>
    <subfield code="6">WEEK10-public</subfield>
    <subfield code="8">a</subfield>
    <subfield code="a">digitized</subfield>
    <subfield code="b">S1V1: SDI Signal - Digital Betacam, Betacam SP, Betacam, Betacam SX, DVCAM, DVCPRO, DV/Mini DV</subfield>
    <subfield code="c">20180126</subfield>
    <subfield code="f">CERN Digital Memory Project</subfield>
    <subfield code="f">public</subfield>
    <subfield code="i">CREATE-MARC-run20180622_170551</subfield>
    <subfield code="k">PICTURAE</subfield>
    <subfield code="u">https://cds.cern.ch/record/2257246</subfield>
    <subfield code="x">- VISUAL INSPECTION TABLE timing: from 25/01/2018 09:05 to 25/01/2018 09:05 - - RTI VT 4100 timing: from 25/01/2018 09:06 to 25/01/2018 09:16 - - MAC-V018 timing: from 25/01/2018 13:54 to 25/01/2018 16:48 - - MANUAL QC GEN timing: from 25/01/2018 16:48 to 25/01/2018 16:48 - - MANUAL QC GEN timing: from 26/01/2018 00:45 to 26/01/2018 00:45 - - FILE_PRESENCE timing: from 26/01/2018 00:45 to 26/01/2018 00:45 -</subfield>
    <subfield code="z">- VISUAL INSPECTION TABLE of Betacam () true - - RTI VT 4100 of Betacam () true - - MAC-V018 of Betacam () true Low RF, noisy picture - - MANUAL QC GEN of Betacam () true - - MANUAL QC GEN of Betacam () true - - FILE_PRESENCE of Betacam () true -</subfield>
  </datafield>
  <datafield tag="583" ind1="1" ind2=" ">
    <subfield code="2">pda</subfield>
    <subfield code="3">Betacam</subfield>
    <subfield code="5">SzGeCERN</subfield>
    <subfield code="6">WEEK10-public</subfield>
    <subfield code="8">b</subfield>
    <subfield code="a">digitized</subfield>
    <subfield code="b">S1V1: SDI Signal - Digital Betacam, Betacam SP, Betacam, Betacam SX, DVCAM, DVCPRO, DV/Mini DV</subfield>
    <subfield code="c">20180129</subfield>
    <subfield code="f">CERN Digital Memory Project</subfield>
    <subfield code="f">public</subfield>
    <subfield code="i">CREATE-MARC-run20180622_170551</subfield>
    <subfield code="k">PICTURAE</subfield>
    <subfield code="u">https://cds.cern.ch/record/2257246</subfield>
    <subfield code="x">- VISUAL INSPECTION TABLE timing: from 25/01/2018 09:16 to 25/01/2018 09:16 - - RTI VT 4100 timing: from 25/01/2018 09:16 to 25/01/2018 09:27 - - MAC-V015 timing: from 29/01/2018 07:58 to 29/01/2018 08:47 - - MANUAL QC GEN timing: from 29/01/2018 22:27 to 29/01/2018 22:27 - - FILE_PRESENCE timing: from 29/01/2018 22:27 to 29/01/2018 22:27 -</subfield>
    <subfield code="z">- VISUAL INSPECTION TABLE of Betacam () true - - RTI VT 4100 of Betacam () true - - MAC-V015 of Betacam () true Audio present but not on all channels - - MANUAL QC GEN of Betacam () true - - FILE_PRESENCE of Betacam () true -</subfield>
  </datafield>
  <datafield tag="590" ind1=" " ind2=" ">
    <subfield code="8">a</subfield>
    <subfield code="9">review</subfield>
    <subfield code="a">Expos\xc3\xa9 de Luciano Maiani lors de la r\xc3\xa9union du personnel du CERN</subfield>
  </datafield>
  <datafield tag="594" ind1=" " ind2=" ">
    <subfield code="9">review</subfield>
    <subfield code="a">Conference Speech</subfield>
  </datafield>
  <datafield tag="595" ind1=" " ind2=" ">
    <subfield code="a">VHS video</subfield>
  </datafield>
  <datafield tag="595" ind1=" " ind2=" ">
    <subfield code="a">Video-SR</subfield>
  </datafield>
  <datafield tag="650" ind1="2" ind2="7">
    <subfield code="9">review</subfield>
    <subfield code="a">Portraits of science</subfield>
  </datafield>
  <datafield tag="653" ind1="1" ind2=" ">
    <subfield code="8">a</subfield>
    <subfield code="9">review</subfield>
    <subfield code="a">directors general</subfield>
  </datafield>
  <datafield tag="653" ind1="1" ind2=" ">
    <subfield code="8">a</subfield>
    <subfield code="9">review</subfield>
    <subfield code="a">staff meeting</subfield>
  </datafield>
  <datafield tag="690" ind1="C" ind2=" ">
    <subfield code="a">CERN</subfield>
  </datafield>
  <datafield tag="690" ind1="C" ind2=" ">
    <subfield code="a">movingimages</subfield>
  </datafield>
  <datafield tag="690" ind1="C" ind2=" ">
    <subfield code="9">review</subfield>
    <subfield code="a">reviewed</subfield>
  </datafield>
  <datafield tag="710" ind1=" " ind2=" ">
    <subfield code="5">EP</subfield>
  </datafield>
  <datafield tag="710" ind1=" " ind2=" ">
    <subfield code="a">CERN. Geneva. Experimental Physics (EP) division</subfield>
  </datafield>
  <datafield tag="852" ind1=" " ind2=" ">
    <subfield code="8">A</subfield>
    <subfield code="a">60</subfield>
    <subfield code="b">MB500</subfield>
    <subfield code="c">CM-A00000334</subfield>
  </datafield>
  <datafield tag="852" ind1=" " ind2=" ">
    <subfield code="8">B</subfield>
    <subfield code="a">60</subfield>
    <subfield code="b">MB500</subfield>
    <subfield code="c">CM-A00000334</subfield>
  </datafield>
  <datafield tag="856" ind1="4" ind2=" ">
    <subfield code="2">EOS</subfield>
    <subfield code="8">a</subfield>
    <subfield code="q">MP4</subfield>
    <subfield code="s">799791830</subfield>
    <subfield code="u">https://cern.ch/digital-memory/media-archive/video/open/mp4/2293463-a.mp4</subfield>
    <subfield code="w">(PICTURAE:MD5)ac_S1V1_2293463-a.mp4;5189c20dcaa1ec8e120eae6351e3ffe1</subfield>
    <subfield code="y">Video-2293463-a</subfield>
    <subfield code="z">mp4 video format (640x360)</subfield>
  </datafield>
  <datafield tag="856" ind1="4" ind2=" ">
    <subfield code="2">EOS</subfield>
    <subfield code="8">b</subfield>
    <subfield code="q">MP4</subfield>
    <subfield code="s">420357915</subfield>
    <subfield code="u">https://cern.ch/digital-memory/media-archive/video/open/mp4/2293463-b.mp4</subfield>
    <subfield code="w">(PICTURAE:MD5)ac_S1V1_2293463-b.mp4;8cd8e7065fe53593e7a2a9442b0e1415</subfield>
    <subfield code="y">Video-2293463-b</subfield>
    <subfield code="z">mp4 video format (640x360)</subfield>
  </datafield>
  <datafield tag="856" ind1="7" ind2=" ">
    <subfield code="2">EOS</subfield>
    <subfield code="8">a</subfield>
    <subfield code="d">/eos/media/cds/public/www/digital-memory/media-archive/video/open/mkv/2293463-a.mkv</subfield>
    <subfield code="q">MKV</subfield>
    <subfield code="s">74726633855</subfield>
    <subfield code="w">(PICTURAE:MD5)pm_S1V1_2293463-a.mkv;da8c83a0422dca6d9a8d92a73c8b730a</subfield>
  </datafield>
  <datafield tag="856" ind1="7" ind2=" ">
    <subfield code="2">EOS</subfield>
    <subfield code="8">a</subfield>
    <subfield code="d">/eos/media/cds/public/www/digital-memory/media-archive/video/open/mov/2293463-a.mov</subfield>
    <subfield code="q">MOV</subfield>
    <subfield code="s">19944797408</subfield>
    <subfield code="w">(PICTURAE:MD5)am_S1V1_2293463-a.mov;c05498346f40b4b037d2e34eb072eebb</subfield>
  </datafield>
  <datafield tag="856" ind1="7" ind2=" ">
    <subfield code="2">EOS</subfield>
    <subfield code="8">b</subfield>
    <subfield code="d">/eos/media/cds/public/www/digital-memory/media-archive/video/open/mkv/2293463-b.mkv</subfield>
    <subfield code="q">MKV</subfield>
    <subfield code="s">40890949931</subfield>
    <subfield code="w">(PICTURAE:MD5)pm_S1V1_2293463-b.mkv;b9b77b394c8d7a7a1c5f929916c4113c</subfield>
  </datafield>
  <datafield tag="856" ind1="7" ind2=" ">
    <subfield code="2">EOS</subfield>
    <subfield code="8">b</subfield>
    <subfield code="d">/eos/media/cds/public/www/digital-memory/media-archive/video/open/mov/2293463-b.mov</subfield>
    <subfield code="q">MOV</subfield>
    <subfield code="s">10471023129</subfield>
    <subfield code="w">(PICTURAE:MD5)am_S1V1_2293463-b.mov;0f9ef3d4b70cf6ec4f7b43cfe9a82d6f</subfield>
  </datafield>
  <datafield tag="916" ind1=" " ind2=" ">
    <subfield code="s">n</subfield>
    <subfield code="w">201742</subfield>
  </datafield>
  <datafield tag="960" ind1=" " ind2=" ">
    <subfield code="a">200</subfield>
  </datafield>
  <datafield tag="963" ind1=" " ind2=" ">
    <subfield code="a">PUBLIC</subfield>
  </datafield>
  <datafield tag="963" ind1=" " ind2=" ">
    <subfield code="9">review</subfield>
    <subfield code="a">PUBLIC</subfield>
  </datafield>
  <datafield tag="964" ind1=" " ind2=" ">
    <subfield code="a">0003</subfield>
  </datafield>
  <datafield tag="980" ind1=" " ind2=" ">
    <subfield code="a">VIDEOARC</subfield>
  </datafield>
  <datafield tag="980" ind1=" " ind2=" ">
    <subfield code="a">Indico</subfield>
    <subfield code="b">CMTE</subfield>
  </datafield>
</record>