
</collection>
<collection xmlns="http://www.loc.gov/MARC21/slim">
<record>
  <controlfield tag="001">2293460</controlfield>
  <controlfield tag="003">SzGeCERN</controlfield>
  <controlfield tag="005">20221102231454.0</controlfield>
  <datafield tag="024" ind1="8" ind2=" ">
    <subfield code="a">oai:cds.cern.ch:2293460</subfield>
    <subfield code="p">cerncds:TALK</subfield>
    <subfield code="p">cerncds:MEMORIAV</subfield>
  </datafield>
  <datafield tag="041" ind1=" " ind2=" ">
    <subfield code="9">review</subfield>
    <subfield code="a">eng</subfield>
  </datafield>
  <datafield tag="088" ind1=" " ind2=" ">
    <subfield code="9">CERN-VIDEO-C-582-A</subfield>
  </datafield>
  <datafield tag="088" ind1=" " ind2=" ">
    <subfield code="9">CERN-VIDEO-C-582-B</subfield>
  </datafield>
  <datafield tag="088" ind1=" " ind2=" ">
    <subfield code="9">CERN-VIDEO-C-582-C</subfield>
  </datafield>
  <datafield tag="088" ind1=" " ind2=" ">
    <subfield code="9">CERN-VIDEO-C-582-D</subfield>
  </datafield>
  <datafield tag="088" ind1=" " ind2=" ">
    <subfield code="9">CERN-VIDEO-C-582-E</subfield>
  </datafield>
  <datafield tag="088" ind1=" " ind2=" ">
    <subfield code="9">CERN-VIDEO-C-582-F</subfield>
  </datafield>
  <datafield tag="088" ind1=" " ind2=" ">
    <subfield code="9">CERN-VIDEO-C-582-G</subfield>
  </datafield>
  <datafield tag="088" ind1=" " ind2=" ">
    <subfield code="9">CERN-VIDEO-C-582-H</subfield>
  </datafield>
  <datafield tag="088" ind1=" " ind2=" ">
    <subfield code="9">CERN-VIDEO-C-582-I</subfield>
  </datafield>
  <datafield tag="088" ind1=" " ind2=" ">
    <subfield code="9">CERN-VIDEO-C-582-J</subfield>
  </datafield>
  <datafield tag="088" ind1=" " ind2=" ">
    <subfield code="9">CERN-VIDEO-C-582-K</subfield>
  </datafield>
  <datafield tag="088" ind1=" " ind2=" ">
    <subfield code="9">CERN-VIDEO-C-582-L</subfield>
  </datafield>
  <datafield tag="088" ind1=" " ind2=" ">
    <subfield code="9">CERN-VIDEO-C-582-M</subfield>
  </datafield>
  <datafield tag="245" ind1=" " ind2=" ">
    <subfield code="a">Physics on Stage - International festival with 450 physics educators from 22 European countries</subfield>
  </datafield>
  <datafield tag="260" ind1=" " ind2=" ">
    <subfield code="a">Geneva</subfield>
    <subfield code="b">CERN</subfield>
    <subfield code="c">2000</subfield>
  </datafield>
  <datafield tag="260" ind1=" " ind2=" ">
    <subfield code="9">review</subfield>
    <subfield code="c">2000</subfield>
  </datafield>
  <datafield tag="269" ind1=" " ind2=" ">
    <subfield code="c">2000-11-06</subfield>
  </datafield>
  <datafield tag="300" ind1=" " ind2=" ">
    <subfield code="2">CERN-VIDEO-C-582-A</subfield>
    <subfield code="8">A</subfield>
  </datafield>
  <datafield tag="300" ind1=" " ind2=" ">
    <subfield code="2">CERN-VIDEO-C-582-B</subfield>
    <subfield code="8">B</subfield>
  </datafield>
  <datafield tag="300" ind1=" " ind2=" ">
    <subfield code="2">CERN-VIDEO-C-582-C</subfield>
    <subfield code="8">C</subfield>
  </datafield>
  <datafield tag="300" ind1=" " ind2=" ">
    <subfield code="2">CERN-VIDEO-C-582-D</subfield>
    <subfield code="8">D</subfield>
  </datafield>
  <datafield tag="300" ind1=" " ind2=" ">
    <subfield code="2">CERN-VIDEO-C-582-E</subfield>
    <subfield code="8">E</subfield>
  </datafield>
  <datafield tag="300" ind1=" " ind2=" ">
    <subfield code="2">CERN-VIDEO-C-582-F</subfield>
    <subfield code="8">F</subfield>
  </datafield>
  <datafield tag="300" ind1=" " ind2=" ">
    <subfield code="2">CERN-VIDEO-C-582-G</subfield>
    <subfield code="8">G</subfield>
  </datafield>
  <datafield tag="300" ind1=" " ind2=" ">
    <subfield code="2">CERN-VIDEO-C-582-H</subfield>
    <subfield code="8">H</subfield>
  </datafield>
  <datafield tag="300" ind1=" " ind2=" ">
    <subfield code="2">CERN-VIDEO-C-582-I</subfield>
    <subfield code="8">I</subfield>
  </datafield>
  <datafield tag="300" ind1=" " ind2=" ">
    <subfield code="2">CERN-VIDEO-C-582-J</subfield>
    <subfield code="8">J</subfield>
  </datafield>
  <datafield tag="300" ind1=" " ind2=" ">
    <subfield code="2">CERN-VIDEO-C-582-K</subfield>
    <subfield code="8">K</subfield>
  </datafield>
  <datafield tag="300" ind1=" " ind2=" ">
    <subfield code="2">CERN-VIDEO-C-582-L</subfield>
    <subfield code="8">L</subfield>
  </datafield>
  <datafield tag="300" ind1=" " ind2=" ">
    <subfield code="2">CERN-VIDEO-C-582-M</subfield>
    <subfield code="8">M</subfield>
  </datafield>
  <datafield tag="340" ind1=" " ind2=" ">
    <subfield code="8">A</subfield>
    <subfield code="9">POS 1</subfield>
    <subfield code="a">Betacam</subfield>
    <subfield code="j">Master</subfield>
    <subfield code="k">20001106</subfield>
  </datafield>
  <datafield tag="340" ind1=" " ind2=" ">
    <subfield code="8">B</subfield>
    <subfield code="9">POS 2</subfield>
    <subfield code="a">Betacam</subfield>
    <subfield code="j">Master</subfield>
    <subfield code="k">20001106</subfield>
  </datafield>
  <datafield tag="340" ind1=" " ind2=" ">
    <subfield code="8">C</subfield>
    <subfield code="9">POS 3</subfield>
    <subfield code="a">Betacam</subfield>
    <subfield code="j">Master</subfield>
    <subfield code="k">20001106</subfield>
  </datafield>
  <datafield tag="340" ind1=" " ind2=" ">
    <subfield code="8">D</subfield>
    <subfield code="9">POS 4</subfield>
    <subfield code="a">Betacam</subfield>
    <subfield code="j">Master</subfield>
    <subfield code="k">20001106</subfield>
  </datafield>
  <datafield tag="340" ind1=" " ind2=" ">
    <subfield code="8">E</subfield>
    <subfield code="9">POS 5</subfield>
    <subfield code="a">Betacam</subfield>
    <subfield code="j">Master</subfield>
    <subfield code="k">20001106</subfield>
  </datafield>
  <datafield tag="340" ind1=" " ind2=" ">
    <subfield code="8">F</subfield>
    <subfield code="9">POS 6</subfield>
    <subfield code="a">Betacam</subfield>
    <subfield code="j">Master</subfield>
    <subfield code="k">20001106</subfield>
  </datafield>
  <datafield tag="340" ind1=" " ind2=" ">
    <subfield code="8">G</subfield>
    <subfield code="9">POS 7</subfield>
    <subfield code="a">Betacam</subfield>
    <subfield code="j">Master</subfield>
    <subfield code="k">20001106</subfield>
  </datafield>
  <datafield tag="340" ind1=" " ind2=" ">
    <subfield code="8">H</subfield>
    <subfield code="9">POS 8</subfield>
    <subfield code="a">Betacam</subfield>
    <subfield code="j">Master</subfield>
    <subfield code="k">20001106</subfield>
  </datafield>
  <datafield tag="340" ind1=" " ind2=" ">
    <subfield code="8">I</subfield>
    <subfield code="9">POS 9</subfield>
    <subfield code="a">Betacam</subfield>
    <subfield code="j">Master</subfield>
    <subfield code="k">20001106</subfield>
  </datafield>
  <datafield tag="340" ind1=" " ind2=" ">
    <subfield code="8">J</subfield>
    <subfield code="9">POS 10</subfield>
    <subfield code="a">Betacam</subfield>
    <subfield code="j">Master</subfield>
    <subfield code="k">20001106</subfield>
  </datafield>
  <datafield tag="340" ind1=" " ind2=" ">
    <subfield code="8">K</subfield>
    <subfield code="9">POS 11</subfield>
    <subfield code="a">Betacam</subfield>
    <subfield code="j">Master</subfield>
    <subfield code="k">20001106</subfield>
  </datafield>
  <datafield tag="340" ind1=" " ind2=" ">
    <subfield code="8">L</subfield>
    <subfield code="9">POS 12</subfield>
    <subfield code="a">Betacam</subfield>
    <subfield code="j">Master</subfield>
    <subfield code="k">20001106</subfield>
  </datafield>
  <datafield tag="340" ind1=" " ind2=" ">
    <subfield code="8">M</subfield>
    <subfield code="9">POS 13</subfield>
    <subfield code="a">Betacam</subfield>
    <subfield code="j">Master</subfield>
    <subfield code="k">20001106</subfield>
  </datafield>
  <datafield tag="340" ind1=" " ind2=" ">
    <subfield code="a">paper</subfield>
  </datafield>
  <datafield tag="490" ind1=" " ind2=" ">
    <subfield code="a">Meeting</subfield>
  </datafield>
  <datafield tag="500" ind1=" " ind2=" ">
    <subfield code="a">The video was digitized from its original recording as part of the CERN Digital Memory project</subfield>
  </datafield>
  <datafield tag="514" ind1=" " ind2=" ">
    <subfield code="8">a</subfield>
    <subfield code="a">Audio present but not on all channels -</subfield>
  </datafield>
  <datafield tag="514" ind1=" " ind2=" ">
    <subfield code="8">b</subfield>
    <subfield code="a">Audio present but not on all channels -  High frequency interference pattern -  Low RF, noisy picture -  Video tracking issue -</subfield>
  </datafield>
  <datafield tag="514" ind1=" " ind2=" ">
    <subfield code="8">c</subfield>
    <subfield code="a">Audio present but not on all channels -  Low RF, noisy picture -</subfield>
  </datafield>
  <datafield tag="514" ind1=" " ind2=" ">
    <subfield code="8">d</subfield>
    <subfield code="a">Audio present but not on all channels -</subfield>
  </datafield>
  <datafield tag="514" ind1=" " ind2=" ">
    <subfield code="8">e</subfield>
    <subfield code="a">Low RF, noisy picture -</subfield>
  </datafield>
  <datafield tag="514" ind1=" " ind2=" ">
    <subfield code="8">f</subfield>
    <subfield code="a">Audio present but not on all channels -</subfield>
  </datafield>
  <datafield tag="514" ind1=" " ind2=" ">
    <subfield code="8">g</subfield>
    <subfield code="a">Audio present but not on all channels -</subfield>
  </datafield>
  <datafield tag="514" ind1=" " ind2=" ">
    <subfield code="8">h</subfield>
    <subfield code="a">Audio present but not on all channels -  Low audio level - poor quality - out of phase -</subfield>
  </datafield>
  <datafield tag="514" ind1=" " ind2=" ">
    <subfield code="8">i</subfield>
    <subfield code="a">Low RF, noisy picture -  No Audio Right Channel (silence) -</subfield>
  </datafield>
  <datafield tag="514" ind1=" " ind2=" ">
    <subfield code="8">j</subfield>
    <subfield code="a">Audio present but not on all channels -  No Audio Right Channel (silence) -</subfield>
  </datafield>
  <datafield tag="514" ind1=" " ind2=" ">
    <subfield code="8">k</subfield>
    <subfield code="a">Audio present but not on all channels -</subfield>
  </datafield>
  <datafield tag="514" ind1=" " ind2=" ">
    <subfield code="8">l</subfield>
    <subfield code="a">Audio present but not on all channels -</subfield>
  </datafield>
  <datafield tag="514" ind1=" " ind2=" ">
    <subfield code="8">m</subfield>
    <subfield code="a">Audio present but not on all channels -  High frequency interference pattern -  Low audio level - poor quality - out of phase -  Low RF, noisy picture -  No audio (silence) -  Video tracking issue -</subfield>
  </datafield>
  <datafield tag="518" ind1=" " ind2=" ">
    <subfield code="a">CERN, Geneva - 6-10 Nov 2000</subfield>
  </datafield>
  <datafield tag="520" ind1=" " ind2=" ">
    <subfield code="8">a</subfield>
    <subfield code="9">review</subfield>
    <subfield code="a">International festival to improve public knowledge and understanding pof science and technologies. More than 400 delegates from all over Europe, science teachers, science communicators, publishers, top scientists and high-level representatives of the ministries and European organisations are meeting at CERN to brainstorm future solutions to bolster physics\' popularity. The programme also includes spectacular demonstrations of new educational tools.</subfield>
  </datafield>
  <datafield tag="542" ind1=" " ind2=" ">
    <subfield code="d">CERN</subfield>
    <subfield code="g">2000</subfield>
  </datafield>
  <datafield tag="542" ind1="1" ind2=" ">
    <subfield code="9">review</subfield>
    <subfield code="d">CERN</subfield>
    <subfield code="g">2000</subfield>
  </datafield>
  <datafield tag="583" ind1="1" ind2=" ">
    <subfield code="2">pda</subfield>
    <subfield code="3">Betacam</subfield>
    <subfield code="5">SzGeCERN</subfield>
    <subfield code="6">WEEK09-public</subfield>
    <subfield code="8">a</subfield>
    <subfield code="a">digitized</subfield>
    <subfield code="b">S1V1: SDI Signal - Digital Betacam, Betacam SP, Betacam, Betacam SX, DVCAM, DVCPRO, DV/Mini DV</subfield>
    <subfield code="c">20180126</subfield>
    <subfield code="f">CERN Digital Memory Project</subfield>
    <subfield code="f">public</subfield>
    <subfield code="i">CREATE-MARC-run20180622_170530</subfield>
    <subfield code="k">PICTURAE</subfield>
    <subfield code="u">https://cds.cern.ch/record/2257246</subfield>
    <subfield code="x">- VISUAL INSPECTION TABLE timing: from 23/01/2018 12:39 to 23/01/2018 12:39 -
 - RTI VT 4100 timing: from 23/01/2018 12:40 to 23/01/2018 12:51 -
 - MAC-V016 timing: from 23/01/2018 14:17 to 23/01/2018 16:10 -
 - MANUAL QC GEN timing: from 26/01/2018 03:38 to 26/01/2018 03:38 -
 - FILE_PRESENCE timing: from 26/01/2018 03:38 to 26/01/2018 03:38 -</subfield>
    <subfield code="z">- VISUAL INSPECTION TABLE of Betacam () true  - 
 - RTI VT 4100 of Betacam () true  - 
 - MAC-V016 of Betacam () true Audio present but not on all channels - 
 - MANUAL QC GEN of Betacam () true  - 
 - FILE_PRESENCE of Betacam () true  -</subfield>
  </datafield>
  <datafield tag="583" ind1="1" ind2=" ">
    <subfield code="2">pda</subfield>
    <subfield code="3">Betacam</subfield>
    <subfield code="5">SzGeCERN</subfield>
    <subfield code="6">WEEK09-public</subfield>
    <subfield code="8">b</subfield>
    <subfield code="a">digitized</subfield>
    <subfield code="b">S1V1: SDI Signal - Digital Betacam, Betacam SP, Betacam, Betacam SX, DVCAM, DVCPRO, DV/Mini DV</subfield>
    <subfield code="c">20180215</subfield>
    <subfield code="f">CERN Digital Memory Project</subfield>
    <subfield code="f">public</subfield>
    <subfield code="i">CREATE-MARC-run20180622_170530</subfield>
    <subfield code="k">PICTURAE</subfield>
    <subfield code="u">https://cds.cern.ch/record/2257246</subfield>
    <subfield code="x">- VISUAL INSPECTION TABLE timing: from 23/01/2018 12:30 to 23/01/2018 12:30 -
 - RTI VT 4100 timing: from 23/01/2018 12:30 to 23/01/2018 12:39 -
 - MAC-V011 timing: from 23/01/2018 14:16 to 23/01/2018 15:42 -
 - OVEN timing: from 24/01/2018 14:53 to 05/02/2018 11:51 -
 - RTI VT 4100 timing: from 12/02/2018 10:31 to 12/02/2018 12:11 -
 - MAC-V012 timing: from 14/02/2018 08:28 to 14/02/2018 10:03 -
 - MANUAL QC GEN timing: from 15/02/2018 00:44 to 15/02/2018 00:44 -
 - FILE_PRESENCE timing: from 15/02/2018 00:44 to 15/02/2018 00:44 -</subfield>
    <subfield code="z">- VISUAL INSPECTION TABLE of Betacam () true  - 
 - RTI VT 4100 of Betacam () true  - 
 - MAC-V011 of Betacam () false Low RF, noisy picture | Video tracking issue | High frequency interference pattern - 
 - OVEN of Betacam () true  - 
 - RTI VT 4100 of Betacam () true  - 
 - MAC-V012 of Betacam () true Audio present but not on all channels - 
 - MANUAL QC GEN of Betacam () true  - 
 - FILE_PRESENCE of Betacam () true  -</subfield>
  </datafield>
  <datafield tag="583" ind1="1" ind2=" ">
    <subfield code="2">pda</subfield>
    <subfield code="3">Betacam</subfield>
    <subfield code="5">SzGeCERN</subfield>
    <subfield code="6">WEEK09-public</subfield>
    <subfield code="8">c</subfield>
    <subfield code="a">digitized</subfield>
    <subfield code="b">S1V1: SDI Signal - Digital Betacam, Betacam SP, Betacam, Betacam SX, DVCAM, DVCPRO, DV/Mini DV</subfield>
    <subfield code="c">20180126</subfield>
    <subfield code="f">CERN Digital Memory Project</subfield>
    <subfield code="f">public</subfield>
    <subfield code="i">CREATE-MARC-run20180622_170530</subfield>
    <subfield code="k">PICTURAE</subfield>
    <subfield code="u">https://cds.cern.ch/record/2257246</subfield>
    <subfield code="x">- VISUAL INSPECTION TABLE timing: from 23/01/2018 12:30 to 23/01/2018 12:30 -
 - RTI VT 4100 timing: from 23/01/2018 12:30 to 23/01/2018 12:39 -
 - MAC-V013 timing: from 24/01/2018 08:02 to 24/01/2018 09:53 -
 - MANUAL QC GEN timing: from 26/01/2018 02:47 to 26/01/2018 02:47 -
 - FILE_PRESENCE timing: from 26/01/2018 02:47 to 26/01/2018 02:47 -</subfield>
    <subfield code="z">- VISUAL INSPECTION TABLE of Betacam () true  - 
 - RTI VT 4100 of Betacam () true  - 
 - MAC-V013 of Betacam () true Audio present but not on all channels | Low RF, noisy picture - 
 - MANUAL QC GEN of Betacam () true  - 
 - FILE_PRESENCE of Betacam () true  -</subfield>
  </datafield>
  <datafield tag="583" ind1="1" ind2=" ">
    <subfield code="2">pda</subfield>
    <subfield code="3">Betacam</subfield>
    <subfield code="5">SzGeCERN</subfield>
    <subfield code="6">WEEK09-public</subfield>
    <subfield code="8">d</subfield>
    <subfield code="a">digitized</subfield>
    <subfield code="b">S1V1: SDI Signal - Digital Betacam, Betacam SP, Betacam, Betacam SX, DVCAM, DVCPRO, DV/Mini DV</subfield>
    <subfield code="c">20180126</subfield>
    <subfield code="f">CERN Digital Memory Project</subfield>
    <subfield code="f">public</subfield>
    <subfield code="i">CREATE-MARC-run20180622_170530</subfield>
    <subfield code="k">PICTURAE</subfield>
    <subfield code="u">https://cds.cern.ch/record/2257246</subfield>
    <subfield code="x">- VISUAL INSPECTION TABLE timing: from 23/01/2018 13:01 to 23/01/2018 13:01 -
 - RTI VT 4100 timing: from 23/01/2018 13:01 to 23/01/2018 13:10 -
 - MAC-V013 timing: from 25/01/2018 08:44 to 25/01/2018 14:19 -
 - MANUAL QC GEN timing: from 26/01/2018 02:09 to 26/01/2018 02:09 -
 - FILE_PRESENCE timing: from 26/01/2018 02:09 to 26/01/2018 02:09 -</subfield>
    <subfield code="z">- VISUAL INSPECTION TABLE of Betacam () true  - 
 - RTI VT 4100 of Betacam () true  - 
 - MAC-V013 of Betacam () true Audio present but not on all channels - 
 - MANUAL QC GEN of Betacam () true  - 
 - FILE_PRESENCE of Betacam () true  -</subfield>
  </datafield>
  <datafield tag="583" ind1="1" ind2=" ">
    <subfield code="2">pda</subfield>
    <subfield code="3">Betacam</subfield>
    <subfield code="5">SzGeCERN</subfield>
    <subfield code="6">WEEK09-public</subfield>
    <subfield code="8">e</subfield>
    <subfield code="a">digitized</subfield>
    <subfield code="b">S1V1: SDI Signal - Digital Betacam, Betacam SP, Betacam, Betacam SX, DVCAM, DVCPRO, DV/Mini DV</subfield>
    <subfield code="c">20180126</subfield>
    <subfield code="f">CERN Digital Memory Project</subfield>
    <subfield code="f">public</subfield>
    <subfield code="i">CREATE-MARC-run20180622_170530</subfield>
    <subfield code="k">PICTURAE</subfield>
    <subfield code="u">https://cds.cern.ch/record/2257246</subfield>
    <subfield code="x">- VISUAL INSPECTION TABLE timing: from 23/01/2018 12:51 to 23/01/2018 12:51 -
 - RTI VT 4100 timing: from 23/01/2018 12:51 to 23/01/2018 13:00 -
 - MAC-V016 timing: from 24/01/2018 15:07 to 24/01/2018 16:52 -
 - MANUAL QC GEN timing: from 24/01/2018 16:52 to 24/01/2018 16:52 -
 - MANUAL QC GEN timing: from 26/01/2018 01:06 to 26/01/2018 01:06 -
 - FILE_PRESENCE timing: from 26/01/2018 01:06 to 26/01/2018 01:06 -</subfield>
    <subfield code="z">- VISUAL INSPECTION TABLE of Betacam () true  - 
 - RTI VT 4100 of Betacam () true  - 
 - MAC-V016 of Betacam () true Low RF, noisy picture - 
 - MANUAL QC GEN of Betacam () true  - 
 - MANUAL QC GEN of Betacam () true  - 
 - FILE_PRESENCE of Betacam () true  -</subfield>
  </datafield>
  <datafield tag="583" ind1="1" ind2=" ">
    <subfield code="2">pda</subfield>
    <subfield code="3">Betacam</subfield>
    <subfield code="5">SzGeCERN</subfield>
    <subfield code="6">WEEK09-public</subfield>
    <subfield code="8">f</subfield>
    <subfield code="a">digitized</subfield>
    <subfield code="b">S1V1: SDI Signal - Digital Betacam, Betacam SP, Betacam, Betacam SX, DVCAM, DVCPRO, DV/Mini DV</subfield>
    <subfield code="c">20180125</subfield>
    <subfield code="f">CERN Digital Memory Project</subfield>
    <subfield code="f">public</subfield>
    <subfield code="i">CREATE-MARC-run20180622_170530</subfield>
    <subfield code="k">PICTURAE</subfield>
    <subfield code="u">https://cds.cern.ch/record/2257246</subfield>
    <subfield code="x">- VISUAL INSPECTION TABLE timing: from 23/01/2018 12:51 to 23/01/2018 12:51 -
 - RTI VT 4100 timing: from 23/01/2018 12:51 to 23/01/2018 13:00 -
 - MAC-V015 timing: from 25/01/2018 11:29 to 25/01/2018 12:33 -
 - MANUAL QC GEN timing: from 25/01/2018 22:48 to 25/01/2018 22:48 -
 - FILE_PRESENCE timing: from 25/01/2018 22:48 to 25/01/2018 22:48 -</subfield>
    <subfield code="z">- VISUAL INSPECTION TABLE of Betacam () true  - 
 - RTI VT 4100 of Betacam () true  - 
 - MAC-V015 of Betacam () true Audio present but not on all channels - 
 - MANUAL QC GEN of Betacam () true  - 
 - FILE_PRESENCE of Betacam () true  -</subfield>
  </datafield>
  <datafield tag="583" ind1="1" ind2=" ">
    <subfield code="2">pda</subfield>
    <subfield code="3">Betacam</subfield>
    <subfield code="5">SzGeCERN</subfield>
    <subfield code="6">WEEK09-public</subfield>
    <subfield code="8">g</subfield>
    <subfield code="a">digitized</subfield>
    <subfield code="b">S1V1: SDI Signal - Digital Betacam, Betacam SP, Betacam, Betacam SX, DVCAM, DVCPRO, DV/Mini DV</subfield>
    <subfield code="c">20180126</subfield>
    <subfield code="f">CERN Digital Memory Project</subfield>
    <subfield code="f">public</subfield>
    <subfield code="i">CREATE-MARC-run20180622_170530</subfield>
    <subfield code="k">PICTURAE</subfield>
    <subfield code="u">https://cds.cern.ch/record/2257246</subfield>
    <subfield code="x">- VISUAL INSPECTION TABLE timing: from 24/01/2018 11:52 to 24/01/2018 11:52 -
 - RTI VT 4100 timing: from 24/01/2018 11:52 to 24/01/2018 12:02 -
 - MAC-V017 timing: from 24/01/2018 12:05 to 24/01/2018 14:04 -
 - MANUAL QC GEN timing: from 26/01/2018 04:17 to 26/01/2018 04:17 -
 - FILE_PRESENCE timing: from 26/01/2018 04:17 to 26/01/2018 04:17 -</subfield>
    <subfield code="z">- VISUAL INSPECTION TABLE of Betacam () true  - 
 - RTI VT 4100 of Betacam () true  - 
 - MAC-V017 of Betacam () true Audio present but not on all channels - 
 - MANUAL QC GEN of Betacam () true  - 
 - FILE_PRESENCE of Betacam () true  -</subfield>
  </datafield>
  <datafield tag="583" ind1="1" ind2=" ">
    <subfield code="2">pda</subfield>
    <subfield code="3">Betacam</subfield>
    <subfield code="5">SzGeCERN</subfield>
    <subfield code="6">WEEK09-public</subfield>
    <subfield code="8">h</subfield>
    <subfield code="a">digitized</subfield>
    <subfield code="b">S1V1: SDI Signal - Digital Betacam, Betacam SP, Betacam, Betacam SX, DVCAM, DVCPRO, DV/Mini DV</subfield>
    <subfield code="c">20180124</subfield>
    <subfield code="f">CERN Digital Memory Project</subfield>
    <subfield code="f">public</subfield>
    <subfield code="i">CREATE-MARC-run20180622_170530</subfield>
    <subfield code="k">PICTURAE</subfield>
    <subfield code="u">https://cds.cern.ch/record/2257246</subfield>
    <subfield code="x">- VISUAL INSPECTION TABLE timing: from 24/01/2018 12:03 to 24/01/2018 12:03 -
 - RTI VT 4100 timing: from 24/01/2018 12:03 to 24/01/2018 12:12 -
 - MAC-V012 timing: from 24/01/2018 12:49 to 24/01/2018 14:07 -
 - MANUAL QC GEN timing: from 24/01/2018 23:55 to 24/01/2018 23:55 -
 - FILE_PRESENCE timing: from 24/01/2018 23:55 to 24/01/2018 23:55 -</subfield>
    <subfield code="z">- VISUAL INSPECTION TABLE of Betacam () true  - 
 - RTI VT 4100 of Betacam () true  - 
 - MAC-V012 of Betacam () true Audio present but not on all channels | Low audio level - poor quality - out of phase - 
 - MANUAL QC GEN of Betacam () true  - 
 - FILE_PRESENCE of Betacam () true  -</subfield>
  </datafield>
  <datafield tag="583" ind1="1" ind2=" ">
    <subfield code="2">pda</subfield>
    <subfield code="3">Betacam</subfield>
    <subfield code="5">SzGeCERN</subfield>
    <subfield code="6">WEEK09-public</subfield>
    <subfield code="8">i</subfield>
    <subfield code="a">digitized</subfield>
    <subfield code="b">S1V1: SDI Signal - Digital Betacam, Betacam SP, Betacam, Betacam SX, DVCAM, DVCPRO, DV/Mini DV</subfield>
    <subfield code="c">20180126</subfield>
    <subfield code="f">CERN Digital Memory Project</subfield>
    <subfield code="f">public</subfield>
    <subfield code="i">CREATE-MARC-run20180622_170530</subfield>
    <subfield code="k">PICTURAE</subfield>
    <subfield code="u">https://cds.cern.ch/record/2257246</subfield>
    <subfield code="x">- VISUAL INSPECTION TABLE timing: from 24/01/2018 12:03 to 24/01/2018 12:03 -
 - RTI VT 4100 timing: from 24/01/2018 12:03 to 24/01/2018 12:17 -
 - MAC-V013 timing: from 24/01/2018 12:19 to 24/01/2018 14:11 -
 - MANUAL QC GEN timing: from 26/01/2018 03:20 to 26/01/2018 03:20 -
 - FILE_PRESENCE timing: from 26/01/2018 03:20 to 26/01/2018 03:20 -</subfield>
    <subfield code="z">- VISUAL INSPECTION TABLE of Betacam () true  - 
 - RTI VT 4100 of Betacam () true  - 
 - MAC-V013 of Betacam () true Low RF, noisy picture | No Audio Right Channel (silence) - 
 - MANUAL QC GEN of Betacam () true  - 
 - FILE_PRESENCE of Betacam () true  -</subfield>
  </datafield>
  <datafield tag="583" ind1="1" ind2=" ">
    <subfield code="2">pda</subfield>
    <subfield code="3">Betacam</subfield>
    <subfield code="5">SzGeCERN</subfield>
    <subfield code="6">WEEK09-public</subfield>
    <subfield code="8">j</subfield>
    <subfield code="a">digitized</subfield>
    <subfield code="b">S1V1: SDI Signal - Digital Betacam, Betacam SP, Betacam, Betacam SX, DVCAM, DVCPRO, DV/Mini DV</subfield>
    <subfield code="c">20180126</subfield>
    <subfield code="f">CERN Digital Memory Project</subfield>
    <subfield code="f">public</subfield>
    <subfield code="i">CREATE-MARC-run20180622_170530</subfield>
    <subfield code="k">PICTURAE</subfield>
    <subfield code="u">https://cds.cern.ch/record/2257246</subfield>
    <subfield code="x">- VISUAL INSPECTION TABLE timing: from 24/01/2018 12:18 to 24/01/2018 12:18 -
 - RTI VT 4100 timing: from 24/01/2018 12:18 to 24/01/2018 12:28 -
 - MAC-V015 timing: from 24/01/2018 14:08 to 24/01/2018 15:54 -
 - MANUAL QC GEN timing: from 26/01/2018 03:02 to 26/01/2018 03:02 -
 - FILE_PRESENCE timing: from 26/01/2018 03:02 to 26/01/2018 03:02 -</subfield>
    <subfield code="z">- VISUAL INSPECTION TABLE of Betacam () true  - 
 - RTI VT 4100 of Betacam () true  - 
 - MAC-V015 of Betacam () true Audio present but not on all channels | No Audio Right Channel (silence) - 
 - MANUAL QC GEN of Betacam () true  - 
 - FILE_PRESENCE of Betacam () true  -</subfield>
  </datafield>
  <datafield tag="583" ind1="1" ind2=" ">
    <subfield code="2">pda</subfield>
    <subfield code="3">Betacam</subfield>
    <subfield code="5">SzGeCERN</subfield>
    <subfield code="6">WEEK09-public</subfield>
    <subfield code="8">k</subfield>
    <subfield code="a">digitized</subfield>
    <subfield code="b">S1V1: SDI Signal - Digital Betacam, Betacam SP, Betacam, Betacam SX, DVCAM, DVCPRO, DV/Mini DV</subfield>
    <subfield code="c">20180124</subfield>
    <subfield code="f">CERN Digital Memory Project</subfield>
    <subfield code="f">public</subfield>
    <subfield code="i">CREATE-MARC-run20180622_170530</subfield>
    <subfield code="k">PICTURAE</subfield>
    <subfield code="u">https://cds.cern.ch/record/2257246</subfield>
    <subfield code="x">- VISUAL INSPECTION TABLE timing: from 24/01/2018 12:18 to 24/01/2018 12:18 -
 - RTI VT 4100 timing: from 24/01/2018 12:18 to 24/01/2018 12:28 -
 - MAC-V012 timing: from 24/01/2018 14:07 to 24/01/2018 15:20 -
 - MANUAL QC GEN timing: from 24/01/2018 23:39 to 24/01/2018 23:39 -
 - FILE_PRESENCE timing: from 24/01/2018 23:39 to 24/01/2018 23:39 -</subfield>
    <subfield code="z">- VISUAL INSPECTION TABLE of Betacam () true  - 
 - RTI VT 4100 of Betacam () true  - 
 - MAC-V012 of Betacam () true Audio present but not on all channels - 
 - MANUAL QC GEN of Betacam () true  - 
 - FILE_PRESENCE of Betacam () true  -</subfield>
  </datafield>
  <datafield tag="583" ind1="1" ind2=" ">
    <subfield code="2">pda</subfield>
    <subfield code="3">Betacam</subfield>
    <subfield code="5">SzGeCERN</subfield>
    <subfield code="6">WEEK10-public</subfield>
    <subfield code="8">l</subfield>
    <subfield code="a">digitized</subfield>
    <subfield code="b">S1V1: SDI Signal - Digital Betacam, Betacam SP, Betacam, Betacam SX, DVCAM, DVCPRO, DV/Mini DV</subfield>
    <subfield code="c">20180124</subfield>
    <subfield code="f">CERN Digital Memory Project</subfield>
    <subfield code="f">public</subfield>
    <subfield code="i">CREATE-MARC-run20180622_170551</subfield>
    <subfield code="k">PICTURAE</subfield>
    <subfield code="u">https://cds.cern.ch/record/2257246</subfield>
    <subfield code="x">- VISUAL INSPECTION TABLE timing: from 24/01/2018 11:42 to 24/01/2018 11:42 -
 - RTI VT 4100 timing: from 24/01/2018 11:42 to 24/01/2018 11:51 -
 - MAC-V016 timing: from 24/01/2018 12:02 to 24/01/2018 13:04 -
 - MANUAL QC GEN timing: from 24/01/2018 23:16 to 24/01/2018 23:16 -
 - FILE_PRESENCE timing: from 24/01/2018 23:16 to 24/01/2018 23:16 -</subfield>
    <subfield code="z">- VISUAL INSPECTION TABLE of Betacam () true  - 
 - RTI VT 4100 of Betacam () true  - 
 - MAC-V016 of Betacam () true Audio present but not on all channels - 
 - MANUAL QC GEN of Betacam () true  - 
 - FILE_PRESENCE of Betacam () true  -</subfield>
  </datafield>
  <datafield tag="583" ind1="1" ind2=" ">
    <subfield code="2">pda</subfield>
    <subfield code="3">Betacam</subfield>
    <subfield code="5">SzGeCERN</subfield>
    <subfield code="6">WEEK10-public</subfield>
    <subfield code="8">m</subfield>
    <subfield code="a">digitized</subfield>
    <subfield code="b">S1V1: SDI Signal - Digital Betacam, Betacam SP, Betacam, Betacam SX, DVCAM, DVCPRO, DV/Mini DV</subfield>
    <subfield code="c">20180130</subfield>
    <subfield code="f">CERN Digital Memory Project</subfield>
    <subfield code="f">public</subfield>
    <subfield code="i">CREATE-MARC-run20180622_170551</subfield>
    <subfield code="k">PICTURAE</subfield>
    <subfield code="u">https://cds.cern.ch/record/2257246</subfield>
    <subfield code="x">- VISUAL INSPECTION TABLE timing: from 24/01/2018 11:42 to 24/01/2018 11:42 -
 - RTI VT 4100 timing: from 24/01/2018 11:42 to 24/01/2018 11:51 -
 - MAC-V018 timing: from 24/01/2018 11:56 to 24/01/2018 12:25 -
 - OVEN timing: from 24/01/2018 14:53 to 26/01/2018 09:22 -
 - VISUAL INSPECTION TABLE timing: from 26/01/2018 09:32 to 26/01/2018 09:32 -
 - RTI VT 4100 timing: from 26/01/2018 09:32 to 26/01/2018 09:32 -
 - MAC-V018 timing: from 29/01/2018 07:45 to 29/01/2018 09:42 -
 - MANUAL QC GEN timing: from 30/01/2018 00:01 to 30/01/2018 00:01 -
 - FILE_PRESENCE timing: from 30/01/2018 00:01 to 30/01/2018 00:01 -</subfield>
    <subfield code="z">- VISUAL INSPECTION TABLE of Betacam () true  - 
 - RTI VT 4100 of Betacam () true  - 
 - MAC-V018 of Betacam () false Low audio level - poor quality - out of phase | Audio present but not on all channels | No audio (silence) | Low RF, noisy picture | Video tracking issue | High frequency interference pattern - 
 - OVEN of Betacam () true  - 
 - VISUAL INSPECTION TABLE of Betacam () true  - 
 - RTI VT 4100 of Betacam () true  - 
 - MAC-V018 of Betacam () true Audio present but not on all channels - 
 - MANUAL QC GEN of Betacam () true  - 
 - FILE_PRESENCE of Betacam () true  -</subfield>
  </datafield>
  <datafield tag="590" ind1=" " ind2=" ">
    <subfield code="8">a</subfield>
    <subfield code="9">review</subfield>
    <subfield code="a">Festival international pour am\xc3\xa9liorer la connaissance et la compr\xc3\xa9hension de la science et des technologies par le public. Plus de 400 d\xc3\xa9l\xc3\xa9gu\xc3\xa9s venus de toute l\'Europe, professeurs de sciences, communicateurs scientifiques, \xc3\xa9diteurs, scientifiques de haut niveau et repr\xc3\xa9sentants de minist\xc3\xa8res et d\'organisations europ\xc3\xa9ennes se r\xc3\xa9unissent au CERN pour r\xc3\xa9fl\xc3\xa9chir \xc3\xa0 des solutions d\'avenir pour renforcer la popularit\xc3\xa9 de la physique. Le programme comprend \xc3\xa9galement des d\xc3\xa9monstrations spectaculaires de nouveaux outils p\xc3\xa9dagogiques.</subfield>
  </datafield>
  <datafield tag="594" ind1=" " ind2=" ">
    <subfield code="9">review</subfield>
    <subfield code="a">Conference Speech</subfield>
  </datafield>
  <datafield tag="595" ind1=" " ind2=" ">
    <subfield code="a">VHS video</subfield>
  </datafield>
  <datafield tag="595" ind1=" " ind2=" ">
    <subfield code="a">Video-SR</subfield>
  </datafield>
  <datafield tag="650" ind1="2" ind2="7">
    <subfield code="9">review</subfield>
    <subfield code="a">Outside the lab</subfield>
  </datafield>
  <datafield tag="653" ind1="1" ind2=" ">
    <subfield code="8">a</subfield>
    <subfield code="9">review</subfield>
    <subfield code="a">Physics on stage</subfield>
  </datafield>
  <datafield tag="653" ind1="1" ind2=" ">
    <subfield code="8">a</subfield>
    <subfield code="9">review</subfield>
    <subfield code="a">education</subfield>
  </datafield>
  <datafield tag="653" ind1="1" ind2=" ">
    <subfield code="8">a</subfield>
    <subfield code="9">review</subfield>
    <subfield code="a">public event</subfield>
  </datafield>
  <datafield tag="690" ind1="C" ind2=" ">
    <subfield code="a">CERN</subfield>
  </datafield>
  <datafield tag="690" ind1="C" ind2=" ">
    <subfield code="a">movingimages</subfield>
  </datafield>
  <datafield tag="690" ind1="C" ind2=" ">
    <subfield code="9">CERN QA</subfield>
    <subfield code="a">quality-controlled</subfield>
  </datafield>
  <datafield tag="690" ind1="C" ind2=" ">
    <subfield code="9">review</subfield>
    <subfield code="a">reviewed</subfield>
  </datafield>
  <datafield tag="710" ind1=" " ind2=" ">
    <subfield code="5">EP</subfield>
  </datafield>
  <datafield tag="710" ind1=" " ind2=" ">
    <subfield code="a">CERN. Geneva. Experimental Physics (EP) division</subfield>
  </datafield>
  <datafield tag="775" ind1=" " ind2=" ">
    <subfield code="b">Scientific Committee Paper</subfield>
    <subfield code="c">2000</subfield>
    <subfield code="w">476386</subfield>
  </datafield>
  <datafield tag="852" ind1=" " ind2=" ">
    <subfield code="8">A</subfield>
    <subfield code="a">60</subfield>
    <subfield code="b">MB500</subfield>
    <subfield code="c">CM-A00000333</subfield>
  </datafield>
  <datafield tag="852" ind1=" " ind2=" ">
    <subfield code="8">B</subfield>
    <subfield code="a">60</subfield>
    <subfield code="b">MB500</subfield>
    <subfield code="c">CM-A00000333</subfield>
  </datafield>
  <datafield tag="852" ind1=" " ind2=" ">
    <subfield code="8">C</subfield>
    <subfield code="a">60</subfield>
    <subfield code="b">MB500</subfield>
    <subfield code="c">CM-A00000333</subfield>
  </datafield>
  <datafield tag="852" ind1=" " ind2=" ">
    <subfield code="8">D</subfield>
    <subfield code="a">60</subfield>
    <subfield code="b">MB500</subfield>
    <subfield code="c">CM-A00000333</subfield>
  </datafield>
  <datafield tag="852" ind1=" " ind2=" ">
    <subfield code="8">E</subfield>
    <subfield code="a">60</subfield>
    <subfield code="b">MB500</subfield>
    <subfield code="c">CM-A00000333</subfield>
  </datafield>
  <datafield tag="852" ind1=" " ind2=" ">
    <subfield code="8">F</subfield>
    <subfield code="a">60</subfield>
    <subfield code="b">MB500</subfield>
    <subfield code="c">CM-A00000333</subfield>
  </datafield>
  <datafield tag="852" ind1=" " ind2=" ">
    <subfield code="8">G</subfield>
    <subfield code="a">60</subfield>
    <subfield code="b">MB500</subfield>
    <subfield code="c">CM-A00000333</subfield>
  </datafield>
  <datafield tag="852" ind1=" " ind2=" ">
    <subfield code="8">H</subfield>
    <subfield code="a">60</subfield>
    <subfield code="b">MB500</subfield>
    <subfield code="c">CM-A00000333</subfield>
  </datafield>
  <datafield tag="852" ind1=" " ind2=" ">
    <subfield code="8">I</subfield>
    <subfield code="a">60</subfield>
    <subfield code="b">MB500</subfield>
    <subfield code="c">CM-A00000333</subfield>
  </datafield>
  <datafield tag="852" ind1=" " ind2=" ">
    <subfield code="8">J</subfield>
    <subfield code="a">60</subfield>
    <subfield code="b">MB500</subfield>
    <subfield code="c">CM-A00000333</subfield>
  </datafield>
  <datafield tag="852" ind1=" " ind2=" ">
    <subfield code="8">K</subfield>
    <subfield code="a">60</subfield>
    <subfield code="b">MB500</subfield>
    <subfield code="c">CM-A00000333</subfield>
  </datafield>
  <datafield tag="852" ind1=" " ind2=" ">
    <subfield code="8">L</subfield>
    <subfield code="a">60</subfield>
    <subfield code="b">MB500</subfield>
    <subfield code="c">CM-A00000333</subfield>
  </datafield>
  <datafield tag="852" ind1=" " ind2=" ">
    <subfield code="8">M</subfield>
    <subfield code="a">60</subfield>
    <subfield code="b">MB500</subfield>
    <subfield code="c">CM-A00000333</subfield>
  </datafield>
  <datafield tag="856" ind1="7" ind2=" ">
    <subfield code="2">EOS</subfield>
    <subfield code="8">a</subfield>
    <subfield code="d">/eos/media/cds/public/www/digital-memory/media-archive/video/open/mkv/2293460-a.mkv</subfield>
    <subfield code="q">MKV</subfield>
    <subfield code="s">90645587196</subfield>
    <subfield code="w">(PICTURAE:MD5)pm_S1V1_2293460-a.mkv;f74c76c68dd4b01fccddfb377e713f07</subfield>
  </datafield>
  <datafield tag="856" ind1="7" ind2=" ">
    <subfield code="2">EOS</subfield>
    <subfield code="8">a</subfield>
    <subfield code="d">/eos/media/cds/public/www/digital-memory/media-archive/video/open/mov/2293460-a.mov</subfield>
    <subfield code="q">MOV</subfield>
    <subfield code="s">26035249107</subfield>
    <subfield code="w">(PICTURAE:MD5)am_S1V1_2293460-a.mov;cc2bf44da672e129cbd17d7de9f8380a</subfield>
  </datafield>
  <datafield tag="856" ind1="7" ind2=" ">
    <subfield code="2">EOS</subfield>
    <subfield code="8">b</subfield>
    <subfield code="d">/eos/media/cds/public/www/digital-memory/media-archive/video/open/mkv/2293460-b.mkv</subfield>
    <subfield code="q">MKV</subfield>
    <subfield code="s">76134694455</subfield>
    <subfield code="w">(PICTURAE:MD5)pm_S1V1_2293460-b.mkv;13424b1a306f04acda712c49f6101fd7</subfield>
  </datafield>
  <datafield tag="856" ind1="7" ind2=" ">
    <subfield code="2">EOS</subfield>
    <subfield code="8">b</subfield>
    <subfield code="d">/eos/media/cds/public/www/digital-memory/media-archive/video/open/mov/2293460-b.mov</subfield>
    <subfield code="q">MOV</subfield>
    <subfield code="s">22120430204</subfield>
    <subfield code="w">(PICTURAE:MD5)am_S1V1_2293460-b.mov;c9b6f5455fe76986af5bd41b0ba0f1fd</subfield>
  </datafield>
  <datafield tag="856" ind1="7" ind2=" ">
    <subfield code="2">EOS</subfield>
    <subfield code="8">c</subfield>
    <subfield code="d">/eos/media/cds/public/www/digital-memory/media-archive/video/open/mkv/2293460-c.mkv</subfield>
    <subfield code="q">MKV</subfield>
    <subfield code="s">94811559867</subfield>
    <subfield code="w">(PICTURAE:MD5)pm_S1V1_2293460-c.mkv;6714cdb66a7ebf1cba1c1bc82a043661</subfield>
  </datafield>
  <datafield tag="856" ind1="7" ind2=" ">
    <subfield code="2">EOS</subfield>
    <subfield code="8">c</subfield>
    <subfield code="d">/eos/media/cds/public/www/digital-memory/media-archive/video/open/mov/2293460-c.mov</subfield>
    <subfield code="q">MOV</subfield>
    <subfield code="s">26138025828</subfield>
    <subfield code="w">(PICTURAE:MD5)am_S1V1_2293460-c.mov;3a3dc4edabdc29ffe1bd5cb8b830f250</subfield>
  </datafield>
  <datafield tag="856" ind1="7" ind2=" ">
    <subfield code="2">EOS</subfield>
    <subfield code="8">d</subfield>
    <subfield code="d">/eos/media/cds/public/www/digital-memory/media-archive/video/open/mkv/2293460-d.mkv</subfield>
    <subfield code="q">MKV</subfield>
    <subfield code="s">91675710108</subfield>
    <subfield code="w">(PICTURAE:MD5)pm_S1V1_2293460-d.mkv;1f4ce60ff9bc300810cbb322a268d0fa</subfield>
  </datafield>
  <datafield tag="856" ind1="7" ind2=" ">
    <subfield code="2">EOS</subfield>
    <subfield code="8">d</subfield>
    <subfield code="d">/eos/media/cds/public/www/digital-memory/media-archive/video/open/mov/2293460-d.mov</subfield>
    <subfield code="q">MOV</subfield>
    <subfield code="s">26073768036</subfield>
    <subfield code="w">(PICTURAE:MD5)am_S1V1_2293460-d.mov;3f92a1b63d00ba75ab92b89865ef8c6d</subfield>
  </datafield>
  <datafield tag="856" ind1="7" ind2=" ">
    <subfield code="2">EOS</subfield>
    <subfield code="8">e</subfield>
    <subfield code="d">/eos/media/cds/public/www/digital-memory/media-archive/video/open/mkv/2293460-e.mkv</subfield>
    <subfield code="q">MKV</subfield>
    <subfield code="s">71496038300</subfield>
    <subfield code="w">(PICTURAE:MD5)pm_S1V1_2293460-e.mkv;0ae93d8c519d5b1c58b73a02327f9ef1</subfield>
  </datafield>
  <datafield tag="856" ind1="7" ind2=" ">
    <subfield code="2">EOS</subfield>
    <subfield code="8">e</subfield>
    <subfield code="d">/eos/media/cds/public/www/digital-memory/media-archive/video/open/mov/2293460-e.mov</subfield>
    <subfield code="q">MOV</subfield>
    <subfield code="s">20436223381</subfield>
    <subfield code="w">(PICTURAE:MD5)am_S1V1_2293460-e.mov;f416f2e37385d8648a098e3067a7c20a</subfield>
  </datafield>
  <datafield tag="856" ind1="7" ind2=" ">
    <subfield code="2">EOS</subfield>
    <subfield code="8">f</subfield>
    <subfield code="d">/eos/media/cds/public/www/digital-memory/media-archive/video/open/mkv/2293460-f.mkv</subfield>
    <subfield code="q">MKV</subfield>
    <subfield code="s">55294796383</subfield>
    <subfield code="w">(PICTURAE:MD5)pm_S1V1_2293460-f.mkv;1af7cc03598b43032f5170c77582c3de</subfield>
  </datafield>
  <datafield tag="856" ind1="7" ind2=" ">
    <subfield code="2">EOS</subfield>
    <subfield code="8">f</subfield>
    <subfield code="d">/eos/media/cds/public/www/digital-memory/media-archive/video/open/mov/2293460-f.mov</subfield>
    <subfield code="q">MOV</subfield>
    <subfield code="s">14761119991</subfield>
    <subfield code="w">(PICTURAE:MD5)am_S1V1_2293460-f.mov;1fe9e976515d52999000e9d053376964</subfield>
  </datafield>
  <datafield tag="856" ind1="7" ind2=" ">
    <subfield code="2">EOS</subfield>
    <subfield code="8">g</subfield>
    <subfield code="d">/eos/media/cds/public/www/digital-memory/media-archive/video/open/mkv/2293460-g.mkv</subfield>
    <subfield code="q">MKV</subfield>
    <subfield code="s">80144354209</subfield>
    <subfield code="w">(PICTURAE:MD5)pm_S1V1_2293460-g.mkv;61f0f7cbb9eadaf508116161425df75b</subfield>
  </datafield>
  <datafield tag="856" ind1="7" ind2=" ">
    <subfield code="2">EOS</subfield>
    <subfield code="8">g</subfield>
    <subfield code="d">/eos/media/cds/public/www/digital-memory/media-archive/video/open/mov/2293460-g.mov</subfield>
    <subfield code="q">MOV</subfield>
    <subfield code="s">22813976090</subfield>
    <subfield code="w">(PICTURAE:MD5)am_S1V1_2293460-g.mov;50b4d2703787084865734e3de7d1d280</subfield>
  </datafield>
  <datafield tag="856" ind1="7" ind2=" ">
    <subfield code="2">EOS</subfield>
    <subfield code="8">h</subfield>
    <subfield code="d">/eos/media/cds/public/www/digital-memory/media-archive/video/open/mkv/2293460-h.mkv</subfield>
    <subfield code="q">MKV</subfield>
    <subfield code="s">58590838288</subfield>
    <subfield code="w">(PICTURAE:MD5)pm_S1V1_2293460-h.mkv;023d55e4f61d32371e923c58587cd00d</subfield>
  </datafield>
  <datafield tag="856" ind1="7" ind2=" ">
    <subfield code="2">EOS</subfield>
    <subfield code="8">h</subfield>
    <subfield code="d">/eos/media/cds/public/www/digital-memory/media-archive/video/open/mov/2293460-h.mov</subfield>
    <subfield code="q">MOV</subfield>
    <subfield code="s">17022817271</subfield>
    <subfield code="w">(PICTURAE:MD5)am_S1V1_2293460-h.mov;378f1003234c7efd22cc9d4e027d81e1</subfield>
  </datafield>
  <datafield tag="856" ind1="7" ind2=" ">
    <subfield code="2">EOS</subfield>
    <subfield code="8">i</subfield>
    <subfield code="d">/eos/media/cds/public/www/digital-memory/media-archive/video/open/mkv/2293460-i.mkv</subfield>
    <subfield code="q">MKV</subfield>
    <subfield code="s">95171931077</subfield>
    <subfield code="w">(PICTURAE:MD5)pm_S1V1_2293460-i.mkv;e065717af17136cda50cc66b50976497</subfield>
  </datafield>
  <datafield tag="856" ind1="7" ind2=" ">
    <subfield code="2">EOS</subfield>
    <subfield code="8">i</subfield>
    <subfield code="d">/eos/media/cds/public/www/digital-memory/media-archive/video/open/mov/2293460-i.mov</subfield>
    <subfield code="q">MOV</subfield>
    <subfield code="s">26131958226</subfield>
    <subfield code="w">(PICTURAE:MD5)am_S1V1_2293460-i.mov;a8d663c87ba2cec038a679ba8d74a4fa</subfield>
  </datafield>
  <datafield tag="856" ind1="7" ind2=" ">
    <subfield code="2">EOS</subfield>
    <subfield code="8">j</subfield>
    <subfield code="d">/eos/media/cds/public/www/digital-memory/media-archive/video/open/mkv/2293460-j.mkv</subfield>
    <subfield code="q">MKV</subfield>
    <subfield code="s">92124121545</subfield>
    <subfield code="w">(PICTURAE:MD5)pm_S1V1_2293460-j.mkv;696ef08f234d93949d40d42a7a4cdbb8</subfield>
  </datafield>
  <datafield tag="856" ind1="7" ind2=" ">
    <subfield code="2">EOS</subfield>
    <subfield code="8">j</subfield>
    <subfield code="d">/eos/media/cds/public/www/digital-memory/media-archive/video/open/mov/2293460-j.mov</subfield>
    <subfield code="q">MOV</subfield>
    <subfield code="s">24914934971</subfield>
    <subfield code="w">(PICTURAE:MD5)am_S1V1_2293460-j.mov;e696982ae746e6302101211031150a23</subfield>
  </datafield>
  <datafield tag="856" ind1="7" ind2=" ">
    <subfield code="2">EOS</subfield>
    <subfield code="8">k</subfield>
    <subfield code="d">/eos/media/cds/public/www/digital-memory/media-archive/video/open/mkv/2293460-k.mkv</subfield>
    <subfield code="q">MKV</subfield>
    <subfield code="s">63200304303</subfield>
    <subfield code="w">(PICTURAE:MD5)pm_S1V1_2293460-k.mkv;62388441208cf37e323a884be8509429</subfield>
  </datafield>
  <datafield tag="856" ind1="7" ind2=" ">
    <subfield code="2">EOS</subfield>
    <subfield code="8">k</subfield>
    <subfield code="d">/eos/media/cds/public/www/digital-memory/media-archive/video/open/mov/2293460-k.mov</subfield>
    <subfield code="q">MOV</subfield>
    <subfield code="s">16903371043</subfield>
    <subfield code="w">(PICTURAE:MD5)am_S1V1_2293460-k.mov;a3a2ae8164990b91021c0dc31298de89</subfield>
  </datafield>
  <datafield tag="856" ind1="7" ind2=" ">
    <subfield code="2">EOS</subfield>
    <subfield code="8">l</subfield>
    <subfield code="d">/eos/media/cds/public/www/digital-memory/media-archive/video/open/mkv/2293460-l.mkv</subfield>
    <subfield code="q">MKV</subfield>
    <subfield code="s">48906806129</subfield>
    <subfield code="w">(PICTURAE:MD5)pm_S1V1_2293460-l.mkv;f153d1950c82bfb09d7750150c044cf3</subfield>
  </datafield>
  <datafield tag="856" ind1="7" ind2=" ">
    <subfield code="2">EOS</subfield>
    <subfield code="8">l</subfield>
    <subfield code="d">/eos/media/cds/public/www/digital-memory/media-archive/video/open/mov/2293460-l.mov</subfield>
    <subfield code="q">MOV</subfield>
    <subfield code="s">13796630751</subfield>
    <subfield code="w">(PICTURAE:MD5)am_S1V1_2293460-l.mov;c9acd7eb9c2b586279d3125c9c6e8b71</subfield>
  </datafield>
  <datafield tag="856" ind1="7" ind2=" ">
    <subfield code="2">EOS</subfield>
    <subfield code="8">m</subfield>
    <subfield code="d">/eos/media/cds/public/www/digital-memory/media-archive/video/open/mkv/2293460-m.mkv</subfield>
    <subfield code="q">MKV</subfield>
    <subfield code="s">91116908423</subfield>
    <subfield code="w">(PICTURAE:MD5)pm_S1V1_2293460-m.mkv;a99ed6afb842ac874ce82ae7341701fd</subfield>
  </datafield>
  <datafield tag="856" ind1="7" ind2=" ">
    <subfield code="2">EOS</subfield>
    <subfield code="8">m</subfield>
    <subfield code="d">/eos/media/cds/public/www/digital-memory/media-archive/video/open/mov/2293460-m.mov</subfield>
    <subfield code="q">MOV</subfield>
    <subfield code="s">26094139537</subfield>
    <subfield code="w">(PICTURAE:MD5)am_S1V1_2293460-m.mov;4d5d62c02e6357e913f60812e75b3a1a</subfield>
  </datafield>
  <datafield tag="856" ind1="4" ind2=" ">
    <subfield code="2">EOS</subfield>
    <subfield code="8">a</subfield>
    <subfield code="i">Video with subtitles</subfield>
    <subfield code="q">MP4</subfield>
    <subfield code="s">1042694750</subfield>
    <subfield code="u">https://cern.ch/digital-memory/media-archive/video/open/mp4/2293460-a.mp4</subfield>
    <subfield code="w">(PICTURAE:MD5)ac_S1V1_2293460-a.mp4;f6751d093f827ff1ee20367ea15e5d02</subfield>
    <subfield code="y">Video-2293460-a</subfield>
    <subfield code="z">mp4 video format (640x360)</subfield>
  </datafield>
  <datafield tag="856" ind1="4" ind2=" ">
    <subfield code="2">EOS</subfield>
    <subfield code="8">b</subfield>
    <subfield code="q">MP4</subfield>
    <subfield code="s">887833500</subfield>
    <subfield code="u">https://cern.ch/digital-memory/media-archive/video/open/mp4/2293460-b.mp4</subfield>
    <subfield code="w">(PICTURAE:MD5)ac_S1V1_2293460-b.mp4;749500570df18155257957cd7288b07d</subfield>
    <subfield code="y">Video-2293460-b</subfield>
    <subfield code="z">mp4 video format (640x360)</subfield>
  </datafield>
  <datafield tag="856" ind1="4" ind2=" ">
    <subfield code="2">EOS</subfield>
    <subfield code="8">c</subfield>
    <subfield code="q">MP4</subfield>
    <subfield code="s">1034141940</subfield>
    <subfield code="u">https://cern.ch/digital-memory/media-archive/video/open/mp4/2293460-c.mp4</subfield>
    <subfield code="w">(PICTURAE:MD5)ac_S1V1_2293460-c.mp4;b60ad97cdb52379c24218411e32d63e7</subfield>
    <subfield code="y">Video-2293460-c</subfield>
    <subfield code="z">mp4 video format (640x360)</subfield>
  </datafield>
  <datafield tag="856" ind1="4" ind2=" ">
    <subfield code="2">EOS</subfield>
    <subfield code="8">d</subfield>
    <subfield code="q">MP4</subfield>
    <subfield code="s">1041388854</subfield>
    <subfield code="u">https://cern.ch/digital-memory/media-archive/video/open/mp4/2293460-d.mp4</subfield>
    <subfield code="w">(PICTURAE:MD5)ac_S1V1_2293460-d.mp4;94c076797671db24d9cd9c8e289839dc</subfield>
    <subfield code="y">Video-2293460-d</subfield>
    <subfield code="z">mp4 video format (640x360)</subfield>
  </datafield>
  <datafield tag="856" ind1="4" ind2=" ">
    <subfield code="2">EOS</subfield>
    <subfield code="8">e</subfield>
    <subfield code="q">MP4</subfield>
    <subfield code="s">815066756</subfield>
    <subfield code="u">https://cern.ch/digital-memory/media-archive/video/open/mp4/2293460-e.mp4</subfield>
    <subfield code="w">(PICTURAE:MD5)ac_S1V1_2293460-e.mp4;968a135f36f6a3959f7e5d9335781a3e</subfield>
    <subfield code="y">Video-2293460-e</subfield>
    <subfield code="z">mp4 video format (640x360)</subfield>
  </datafield>
  <datafield tag="856" ind1="4" ind2=" ">
    <subfield code="2">EOS</subfield>
    <subfield code="8">f</subfield>
    <subfield code="q">MP4</subfield>
    <subfield code="s">589155990</subfield>
    <subfield code="u">https://cern.ch/digital-memory/media-archive/video/open/mp4/2293460-f.mp4</subfield>
    <subfield code="w">(PICTURAE:MD5)ac_S1V1_2293460-f.mp4;002861ba5575a978e26361d4548def95</subfield>
    <subfield code="y">Video-2293460-f</subfield>
    <subfield code="z">mp4 video format (640x360)</subfield>
  </datafield>
  <datafield tag="856" ind1="4" ind2=" ">
    <subfield code="2">EOS</subfield>
    <subfield code="8">g</subfield>
    <subfield code="q">MP4</subfield>
    <subfield code="s">910747243</subfield>
    <subfield code="u">https://cern.ch/digital-memory/media-archive/video/open/mp4/2293460-g.mp4</subfield>
    <subfield code="w">(PICTURAE:MD5)ac_S1V1_2293460-g.mp4;15fd775518a29a7f7636ebb0d6d5fc65</subfield>
    <subfield code="y">Video-2293460-g</subfield>
    <subfield code="z">mp4 video format (640x360)</subfield>
  </datafield>
  <datafield tag="856" ind1="4" ind2=" ">
    <subfield code="2">EOS</subfield>
    <subfield code="8">h</subfield>
    <subfield code="q">MP4</subfield>
    <subfield code="s">684256751</subfield>
    <subfield code="u">https://cern.ch/digital-memory/media-archive/video/open/mp4/2293460-h.mp4</subfield>
    <subfield code="w">(PICTURAE:MD5)ac_S1V1_2293460-h.mp4;fc43bf3d8088ddbd116fe0b8638b2481</subfield>
    <subfield code="y">Video-2293460-h</subfield>
    <subfield code="z">mp4 video format (640x360)</subfield>
  </datafield>
  <datafield tag="856" ind1="4" ind2=" ">
    <subfield code="2">EOS</subfield>
    <subfield code="8">i</subfield>
    <subfield code="q">MP4</subfield>
    <subfield code="s">1018953959</subfield>
    <subfield code="u">https://cern.ch/digital-memory/media-archive/video/open/mp4/2293460-i.mp4</subfield>
    <subfield code="w">(PICTURAE:MD5)ac_S1V1_2293460-i.mp4;b4dd23c6aaff9fe2b0658154b02b0a1f</subfield>
    <subfield code="y">Video-2293460-i</subfield>
    <subfield code="z">mp4 video format (640x360)</subfield>
  </datafield>
  <datafield tag="856" ind1="4" ind2=" ">
    <subfield code="2">EOS</subfield>
    <subfield code="8">j</subfield>
    <subfield code="q">MP4</subfield>
    <subfield code="s">971059410</subfield>
    <subfield code="u">https://cern.ch/digital-memory/media-archive/video/open/mp4/2293460-j.mp4</subfield>
    <subfield code="w">(PICTURAE:MD5)ac_S1V1_2293460-j.mp4;b8ce27e882f73614c54b78f7ce221024</subfield>
    <subfield code="y">Video-2293460-j</subfield>
    <subfield code="z">mp4 video format (640x360)</subfield>
  </datafield>
  <datafield tag="856" ind1="4" ind2=" ">
    <subfield code="2">EOS</subfield>
    <subfield code="8">k</subfield>
    <subfield code="q">MP4</subfield>
    <subfield code="s">678278579</subfield>
    <subfield code="u">https://cern.ch/digital-memory/media-archive/video/open/mp4/2293460-k.mp4</subfield>
    <subfield code="w">(PICTURAE:MD5)ac_S1V1_2293460-k.mp4;3bc4fb558c93a6c887108a5f6b2efc27</subfield>
    <subfield code="y">Video-2293460-k</subfield>
    <subfield code="z">mp4 video format (640x360)</subfield>
  </datafield>
  <datafield tag="856" ind1="4" ind2=" ">
    <subfield code="2">EOS</subfield>
    <subfield code="8">l</subfield>
    <subfield code="q">MP4</subfield>
    <subfield code="s">552487022</subfield>
    <subfield code="u">https://cern.ch/digital-memory/media-archive/video/open/mp4/2293460-l.mp4</subfield>
    <subfield code="w">(PICTURAE:MD5)ac_S1V1_2293460-l.mp4;dbfbdf8637156c80dc2238fa07dc777d</subfield>
    <subfield code="y">Video-2293460-l</subfield>
    <subfield code="z">mp4 video format (640x360)</subfield>
  </datafield>
  <datafield tag="856" ind1="4" ind2=" ">
    <subfield code="2">EOS</subfield>
    <subfield code="8">m</subfield>
    <subfield code="i">Video with subtitles</subfield>
    <subfield code="q">MP4</subfield>
    <subfield code="s">1050600076</subfield>
    <subfield code="u">https://cern.ch/digital-memory/media-archive/video/open/mp4/2293460-m.mp4</subfield>
    <subfield code="w">(PICTURAE:MD5)ac_S1V1_2293460-m.mp4;f2c7bb33c203f22a0fa64b1f13158d17</subfield>
    <subfield code="y">Video-2293460-m</subfield>
    <subfield code="z">mp4 video format (640x360)</subfield>
  </datafield>
  <datafield tag="916" ind1=" " ind2=" ">
    <subfield code="s">n</subfield>
    <subfield code="w">201742</subfield>
  </datafield>
  <datafield tag="960" ind1=" " ind2=" ">
    <subfield code="a">200</subfield>
  </datafield>
  <datafield tag="963" ind1=" " ind2=" ">
    <subfield code="a">PUBLIC</subfield>
  </datafield>
  <datafield tag="963" ind1=" " ind2=" ">
    <subfield code="9">review</subfield>
    <subfield code="a">PUBLIC</subfield>
  </datafield>
  <datafield tag="964" ind1=" " ind2=" ">
    <subfield code="a">0003</subfield>
  </datafield>
  <datafield tag="980" ind1=" " ind2=" ">
    <subfield code="a">VIDEOARC</subfield>
  </datafield>
  <datafield tag="980" ind1=" " ind2=" ">
    <subfield code="a">Indico</subfield>
    <subfield code="b">CMTE</subfield>
  </datafield>
</record>