
</collection>
<collection xmlns="http://www.loc.gov/MARC21/slim">
<record>
  <controlfield tag="001">2293438</controlfield>
  <controlfield tag="003">SzGeCERN</controlfield>
  <controlfield tag="005">20221102231808.0</controlfield>
  <datafield tag="024" ind1="8" ind2=" ">
    <subfield code="a">oai:cds.cern.ch:529977</subfield>
    <subfield code="p">cerncds:TALK</subfield>
    <subfield code="p">cerncds:MEMORIAV</subfield>
  </datafield>
  <datafield tag="035" ind1=" " ind2=" ">
    <subfield code="a">2286927CERCER</subfield>
  </datafield>
  <datafield tag="035" ind1=" " ind2=" ">
    <subfield code="9">CERN annual report</subfield>
    <subfield code="a">2001-3.0989</subfield>
  </datafield>
  <datafield tag="041" ind1=" " ind2=" ">
    <subfield code="9">review</subfield>
    <subfield code="a">eng</subfield>
  </datafield>
  <datafield tag="088" ind1=" " ind2=" ">
    <subfield code="9">CERN-VIDEO-C-576-C</subfield>
  </datafield>
  <datafield tag="088" ind1=" " ind2=" ">
    <subfield code="9">CERN-VIDEO-C-577-J</subfield>
  </datafield>
  <datafield tag="088" ind1=" " ind2=" ">
    <subfield code="9">CERN-VIDEO-C-577-G</subfield>
  </datafield>
  <datafield tag="088" ind1=" " ind2=" ">
    <subfield code="9">CERN-VIDEO-C-577-D</subfield>
  </datafield>
  <datafield tag="111" ind1=" " ind2=" ">
    <subfield code="9">2000-10-09</subfield>
    <subfield code="a">C\xc3\xa9l\xc3\xa9bration du LEP</subfield>
    <subfield code="c">CERN -</subfield>
    <subfield code="g">a034027</subfield>
    <subfield code="z">2000-10-09</subfield>
  </datafield>
  <datafield tag="245" ind1=" " ind2=" ">
    <subfield code="a">LEP Fest</subfield>
  </datafield>
  <datafield tag="260" ind1=" " ind2=" ">
    <subfield code="a">Geneva</subfield>
    <subfield code="b">CERN</subfield>
    <subfield code="c">2000</subfield>
  </datafield>
  <datafield tag="260" ind1=" " ind2=" ">
    <subfield code="9">review</subfield>
    <subfield code="c">2000</subfield>
  </datafield>
  <datafield tag="269" ind1=" " ind2=" ">
    <subfield code="c">2000-10-09</subfield>
  </datafield>
  <datafield tag="269" ind1=" " ind2=" ">
    <subfield code="c">2000-10-10</subfield>
  </datafield>
  <datafield tag="300" ind1=" " ind2=" ">
    <subfield code="a">Streaming video</subfield>
    <subfield code="b">720x576 4/3, 25</subfield>
  </datafield>
  <datafield tag="300" ind1=" " ind2=" ">
    <subfield code="2">CERN-VIDEO-C-577-D</subfield>
    <subfield code="8">D</subfield>
  </datafield>
  <datafield tag="300" ind1=" " ind2=" ">
    <subfield code="2">CERN-VIDEO-C-577-G</subfield>
    <subfield code="8">G</subfield>
  </datafield>
  <datafield tag="300" ind1=" " ind2=" ">
    <subfield code="2">CERN-VIDEO-C-577-J</subfield>
    <subfield code="8">J</subfield>
  </datafield>
  <datafield tag="300" ind1=" " ind2=" ">
    <subfield code="2">CERN-VIDEO-C-576-C</subfield>
    <subfield code="8">C</subfield>
  </datafield>
  <datafield tag="337" ind1=" " ind2=" ">
    <subfield code="a">Video</subfield>
  </datafield>
  <datafield tag="340" ind1=" " ind2=" ">
    <subfield code="a">paper</subfield>
  </datafield>
  <datafield tag="340" ind1=" " ind2=" ">
    <subfield code="a">Streaming video</subfield>
  </datafield>
  <datafield tag="340" ind1=" " ind2=" ">
    <subfield code="8">G</subfield>
    <subfield code="8">J</subfield>
    <subfield code="8">C</subfield>
    <subfield code="9">LEP FEST</subfield>
    <subfield code="a">Betacam</subfield>
    <subfield code="j">Master</subfield>
    <subfield code="k">20001010</subfield>
  </datafield>
  <datafield tag="340" ind1=" " ind2=" ">
    <subfield code="8">D</subfield>
    <subfield code="9">LEP FEST</subfield>
    <subfield code="a">Betacam</subfield>
    <subfield code="j">Master</subfield>
    <subfield code="k">20001010</subfield>
  </datafield>
  <datafield tag="490" ind1=" " ind2=" ">
    <subfield code="a">Special Event</subfield>
  </datafield>
  <datafield tag="500" ind1=" " ind2=" ">
    <subfield code="a">The video was digitized from its original recording as part of the CERN Digital Memory project</subfield>
  </datafield>
  <datafield tag="514" ind1=" " ind2=" ">
    <subfield code="8">d</subfield>
    <subfield code="a">Audio present but not on all channels -  Low RF, noisy picture -</subfield>
  </datafield>
  <datafield tag="514" ind1=" " ind2=" ">
    <subfield code="8">g</subfield>
    <subfield code="a">Audio present but not on all channels -</subfield>
  </datafield>
  <datafield tag="514" ind1=" " ind2=" ">
    <subfield code="8">j</subfield>
    <subfield code="a">Audio present but not on all channels -</subfield>
  </datafield>
  <datafield tag="514" ind1=" " ind2=" ">
    <subfield code="8">c</subfield>
    <subfield code="a">Audio present but not on all channels -</subfield>
  </datafield>
  <datafield tag="518" ind1=" " ind2=" ">
    <subfield code="a">CERN, Geneva - 9 Sep 2000</subfield>
  </datafield>
  <datafield tag="542" ind1=" " ind2=" ">
    <subfield code="d">CERN</subfield>
    <subfield code="g">2000</subfield>
  </datafield>
  <datafield tag="542" ind1="1" ind2=" ">
    <subfield code="g">2000</subfield>
    <subfield code="9">review</subfield>
    <subfield code="d">CERN</subfield>
  </datafield>
  <datafield tag="583" ind1="1" ind2=" ">
    <subfield code="2">pda</subfield>
    <subfield code="3">Betacam</subfield>
    <subfield code="5">SzGeCERN</subfield>
    <subfield code="6">WEEK09-public</subfield>
    <subfield code="8">c</subfield>
    <subfield code="a">digitized</subfield>
    <subfield code="b">S1V1: SDI Signal - Digital Betacam, Betacam SP, Betacam, Betacam SX, DVCAM, DVCPRO, DV/Mini DV</subfield>
    <subfield code="c">20180126</subfield>
    <subfield code="f">CERN Digital Memory Project</subfield>
    <subfield code="f">public</subfield>
    <subfield code="i">CREATE-MARC-run20180622_170530</subfield>
    <subfield code="k">PICTURAE</subfield>
    <subfield code="u">https://cds.cern.ch/record/2257246</subfield>
    <subfield code="x">- VISUAL INSPECTION TABLE timing: from 25/01/2018 09:28 to 25/01/2018 09:28 -
 - RTI VT 4100 timing: from 25/01/2018 09:28 to 25/01/2018 09:46 -
 - MAC-V017 timing: from 26/01/2018 10:22 to 26/01/2018 12:25 -
 - MANUAL QC GEN timing: from 26/01/2018 23:19 to 26/01/2018 23:19 -
 - FILE_PRESENCE timing: from 26/01/2018 23:19 to 26/01/2018 23:19 -</subfield>
    <subfield code="z">- VISUAL INSPECTION TABLE of Betacam () true  - 
 - RTI VT 4100 of Betacam () true  - 
 - MAC-V017 of Betacam () true Audio present but not on all channels - 
 - MANUAL QC GEN of Betacam () true  - 
 - FILE_PRESENCE of Betacam () true  -</subfield>
  </datafield>
  <datafield tag="583" ind1="1" ind2=" ">
    <subfield code="2">pda</subfield>
    <subfield code="3">Betacam</subfield>
    <subfield code="5">SzGeCERN</subfield>
    <subfield code="6">WEEK09-public</subfield>
    <subfield code="8">j</subfield>
    <subfield code="a">digitized</subfield>
    <subfield code="b">S1V1: SDI Signal - Digital Betacam, Betacam SP, Betacam, Betacam SX, DVCAM, DVCPRO, DV/Mini DV</subfield>
    <subfield code="c">20180126</subfield>
    <subfield code="f">CERN Digital Memory Project</subfield>
    <subfield code="f">public</subfield>
    <subfield code="i">CREATE-MARC-run20180622_170530</subfield>
    <subfield code="k">PICTURAE</subfield>
    <subfield code="u">https://cds.cern.ch/record/2257246</subfield>
    <subfield code="x">- VISUAL INSPECTION TABLE timing: from 25/01/2018 11:41 to 25/01/2018 11:41 -
 - RTI VT 4100 timing: from 25/01/2018 11:41 to 25/01/2018 11:50 -
 - MAC-V014 timing: from 26/01/2018 09:24 to 26/01/2018 09:24 -
 - MANUAL QC GEN timing: from 26/01/2018 22:36 to 26/01/2018 22:36 -
 - FILE_PRESENCE timing: from 26/01/2018 22:36 to 26/01/2018 22:36 -</subfield>
    <subfield code="z">- VISUAL INSPECTION TABLE of Betacam () true  - 
 - RTI VT 4100 of Betacam () true  - 
 - MAC-V014 of Betacam () true Audio present but not on all channels - 
 - MANUAL QC GEN of Betacam () true  - 
 - FILE_PRESENCE of Betacam () true  -</subfield>
  </datafield>
  <datafield tag="583" ind1="1" ind2=" ">
    <subfield code="2">pda</subfield>
    <subfield code="3">Betacam</subfield>
    <subfield code="5">SzGeCERN</subfield>
    <subfield code="6">WEEK09-public</subfield>
    <subfield code="8">g</subfield>
    <subfield code="a">digitized</subfield>
    <subfield code="b">S1V1: SDI Signal - Digital Betacam, Betacam SP, Betacam, Betacam SX, DVCAM, DVCPRO, DV/Mini DV</subfield>
    <subfield code="c">20180126</subfield>
    <subfield code="f">CERN Digital Memory Project</subfield>
    <subfield code="f">public</subfield>
    <subfield code="i">CREATE-MARC-run20180622_170530</subfield>
    <subfield code="k">PICTURAE</subfield>
    <subfield code="u">https://cds.cern.ch/record/2257246</subfield>
    <subfield code="x">- VISUAL INSPECTION TABLE timing: from 25/01/2018 11:41 to 25/01/2018 11:41 -
 - RTI VT 4100 timing: from 25/01/2018 11:41 to 25/01/2018 11:50 -
 - MAC-V018 timing: from 26/01/2018 07:51 to 26/01/2018 09:36 -
 - MANUAL QC GEN timing: from 26/01/2018 23:31 to 26/01/2018 23:31 -
 - FILE_PRESENCE timing: from 26/01/2018 23:31 to 26/01/2018 23:31 -</subfield>
    <subfield code="z">- VISUAL INSPECTION TABLE of Betacam () true  - 
 - RTI VT 4100 of Betacam () true  - 
 - MAC-V018 of Betacam () true Audio present but not on all channels - 
 - MANUAL QC GEN of Betacam () true  - 
 - FILE_PRESENCE of Betacam () true  -</subfield>
  </datafield>
  <datafield tag="583" ind1="1" ind2=" ">
    <subfield code="2">pda</subfield>
    <subfield code="3">Betacam</subfield>
    <subfield code="5">SzGeCERN</subfield>
    <subfield code="6">WEEK09-public</subfield>
    <subfield code="8">d</subfield>
    <subfield code="a">digitized</subfield>
    <subfield code="b">S1V1: SDI Signal - Digital Betacam, Betacam SP, Betacam, Betacam SX, DVCAM, DVCPRO, DV/Mini DV</subfield>
    <subfield code="c">20180125</subfield>
    <subfield code="f">CERN Digital Memory Project</subfield>
    <subfield code="f">public</subfield>
    <subfield code="i">CREATE-MARC-run20180622_170530</subfield>
    <subfield code="k">PICTURAE</subfield>
    <subfield code="u">https://cds.cern.ch/record/2257246</subfield>
    <subfield code="x">- VISUAL INSPECTION TABLE timing: from 25/01/2018 11:11 to 25/01/2018 11:11 -
 - RTI VT 4100 timing: from 25/01/2018 11:11 to 25/01/2018 11:23 -
 - MAC-V018 timing: from 25/01/2018 13:53 to 25/01/2018 13:53 -
 - MANUAL QC GEN timing: from 25/01/2018 22:15 to 25/01/2018 22:15 -
 - FILE_PRESENCE timing: from 25/01/2018 22:15 to 25/01/2018 22:15 -</subfield>
    <subfield code="z">- VISUAL INSPECTION TABLE of Betacam () true  - 
 - RTI VT 4100 of Betacam () true  - 
 - MAC-V018 of Betacam () true Low RF, noisy picture | Audio present but not on all channels - 
 - MANUAL QC GEN of Betacam () true  - 
 - FILE_PRESENCE of Betacam () true  -</subfield>
  </datafield>
  <datafield tag="590" ind1=" " ind2=" ">
    <subfield code="9">review</subfield>
    <subfield code="8">d</subfield>
    <subfield code="a">conf\xc3\xa9rence sur le LEP , ses r\xc3\xa9sultat , les futur projet</subfield>
  </datafield>
  <datafield tag="594" ind1=" " ind2=" ">
    <subfield code="9">review</subfield>
    <subfield code="a">Conference Speech</subfield>
  </datafield>
  <datafield tag="595" ind1=" " ind2=" ">
    <subfield code="a">Video-SR</subfield>
  </datafield>
  <datafield tag="650" ind1="1" ind2="7">
    <subfield code="2">SzGeCERN</subfield>
    <subfield code="a">Detectors and Experimental Techniques</subfield>
  </datafield>
  <datafield tag="650" ind1="1" ind2="7">
    <subfield code="a">Special Event</subfield>
  </datafield>
  <datafield tag="650" ind1="2" ind2="7">
    <subfield code="9">review</subfield>
    <subfield code="a">Accelerators</subfield>
  </datafield>
  <datafield tag="690" ind1="C" ind2=" ">
    <subfield code="a">CERN</subfield>
  </datafield>
  <datafield tag="690" ind1="C" ind2=" ">
    <subfield code="a">TALK</subfield>
  </datafield>
  <datafield tag="690" ind1="C" ind2=" ">
    <subfield code="a">movingimages</subfield>
  </datafield>
  <datafield tag="690" ind1="C" ind2=" ">
    <subfield code="9">CERN QA</subfield>
    <subfield code="a">quality-controlled</subfield>
  </datafield>
  <datafield tag="690" ind1="C" ind2=" ">
    <subfield code="9">review</subfield>
    <subfield code="a">reviewed</subfield>
  </datafield>
  <datafield tag="710" ind1=" " ind2=" ">
    <subfield code="a">CERN. Geneva. Audiovisual Unit</subfield>
  </datafield>
  <datafield tag="710" ind1=" " ind2=" ">
    <subfield code="5">LEP</subfield>
  </datafield>
  <datafield tag="852" ind1=" " ind2=" ">
    <subfield code="c">CERN Central Library</subfield>
    <subfield code="h">2000 LEPFEST</subfield>
  </datafield>
  <datafield tag="852" ind1=" " ind2=" ">
    <subfield code="8">C</subfield>
    <subfield code="a">60</subfield>
    <subfield code="b">MB500</subfield>
    <subfield code="c">CM-A00000333</subfield>
  </datafield>
  <datafield tag="852" ind1=" " ind2=" ">
    <subfield code="8">J</subfield>
    <subfield code="a">60</subfield>
    <subfield code="b">MB500</subfield>
    <subfield code="c">CM-A00000333</subfield>
  </datafield>
  <datafield tag="852" ind1=" " ind2=" ">
    <subfield code="8">G</subfield>
    <subfield code="a">60</subfield>
    <subfield code="b">MB500</subfield>
    <subfield code="c">CM-A00000333</subfield>
  </datafield>
  <datafield tag="852" ind1=" " ind2=" ">
    <subfield code="8">D</subfield>
    <subfield code="a">60</subfield>
    <subfield code="b">MB500</subfield>
    <subfield code="c">CM-A00000333</subfield>
  </datafield>
  <datafield tag="856" ind1="4" ind2=" ">
    <subfield code="2">EOS</subfield>
    <subfield code="8">c</subfield>
    <subfield code="q">MP4</subfield>
    <subfield code="s">757014843</subfield>
    <subfield code="u">https://cern.ch/digital-memory/media-archive/video/open/mp4/2293444-c.mp4</subfield>
    <subfield code="w">(PICTURAE:MD5)ac_S1V1_2293444-c.mp4;97f2e7efd403b46b3553d8a8c61d7793</subfield>
    <subfield code="y">Video-2293444-c</subfield>
    <subfield code="z">mp4 video format (640x360)</subfield>
  </datafield>
  <datafield tag="856" ind1="4" ind2=" ">
    <subfield code="2">EOS</subfield>
    <subfield code="8">j</subfield>
    <subfield code="q">MP4</subfield>
    <subfield code="s">595139874</subfield>
    <subfield code="u">https://cern.ch/digital-memory/media-archive/video/open/mp4/2293440-j.mp4</subfield>
    <subfield code="w">(PICTURAE:MD5)ac_S1V1_2293440-j.mp4;f2c848a5b54e352d92566017dca9462f</subfield>
    <subfield code="y">Video-2293440-j</subfield>
    <subfield code="z">mp4 video format (640x360)</subfield>
  </datafield>
  <datafield tag="856" ind1="4" ind2=" ">
    <subfield code="2">EOS</subfield>
    <subfield code="8">g</subfield>
    <subfield code="q">MP4</subfield>
    <subfield code="s">934072435</subfield>
    <subfield code="u">https://cern.ch/digital-memory/media-archive/video/open/mp4/2293439-g.mp4</subfield>
    <subfield code="w">(PICTURAE:MD5)ac_S1V1_2293439-g.mp4;15a5e2c844921990ac245992a628f290</subfield>
    <subfield code="y">Video-2293439-g</subfield>
    <subfield code="z">mp4 video format (640x360)</subfield>
  </datafield>
  <datafield tag="856" ind1="4" ind2=" ">
    <subfield code="2">EOS</subfield>
    <subfield code="8">d</subfield>
    <subfield code="q">MP4</subfield>
    <subfield code="s">152219005</subfield>
    <subfield code="u">https://cern.ch/digital-memory/media-archive/video/open/mp4/2293438-d.mp4</subfield>
    <subfield code="w">(PICTURAE:MD5)ac_S1V1_2293438-d.mp4;22ea39604d29418930d9f7eb65d912a9</subfield>
    <subfield code="y">Video-2293438-d</subfield>
    <subfield code="z">mp4 video format (640x360)</subfield>
  </datafield>
  <datafield tag="856" ind1="7" ind2=" ">
    <subfield code="2">EOS</subfield>
    <subfield code="8">d</subfield>
    <subfield code="d">/eos/media/cds/public/www/digital-memory/media-archive/video/open/mkv/2293438-d.mkv</subfield>
    <subfield code="q">MKV</subfield>
    <subfield code="s">14904636144</subfield>
    <subfield code="w">(PICTURAE:MD5)pm_S1V1_2293438-d.mkv;5a45c5999af52e282c3c7e636cd043d7</subfield>
  </datafield>
  <datafield tag="856" ind1="7" ind2=" ">
    <subfield code="2">EOS</subfield>
    <subfield code="8">d</subfield>
    <subfield code="d">/eos/media/cds/public/www/digital-memory/media-archive/video/open/mov/2293438-d.mov</subfield>
    <subfield code="q">MOV</subfield>
    <subfield code="s">3801046716</subfield>
    <subfield code="w">(PICTURAE:MD5)am_S1V1_2293438-d.mov;61ddcc2a3dec5f745163e2982831b5d9</subfield>
  </datafield>
  <datafield tag="856" ind1="7" ind2=" ">
    <subfield code="2">EOS</subfield>
    <subfield code="8">g</subfield>
    <subfield code="d">/eos/media/cds/public/www/digital-memory/media-archive/video/open/mkv/2293439-g.mkv</subfield>
    <subfield code="q">MKV</subfield>
    <subfield code="s">88273204124</subfield>
    <subfield code="w">(PICTURAE:MD5)pm_S1V1_2293439-g.mkv;e71be7eda38e92472b7ea6c6e905f4b8</subfield>
  </datafield>
  <datafield tag="856" ind1="7" ind2=" ">
    <subfield code="2">EOS</subfield>
    <subfield code="8">g</subfield>
    <subfield code="d">/eos/media/cds/public/www/digital-memory/media-archive/video/open/mov/2293439-g.mov</subfield>
    <subfield code="q">MOV</subfield>
    <subfield code="s">23299524311</subfield>
    <subfield code="w">(PICTURAE:MD5)am_S1V1_2293439-g.mov;a5d2ee895980b70168bb2525cff45e37</subfield>
  </datafield>
  <datafield tag="856" ind1="7" ind2=" ">
    <subfield code="2">EOS</subfield>
    <subfield code="8">j</subfield>
    <subfield code="d">/eos/media/cds/public/www/digital-memory/media-archive/video/open/mkv/2293440-j.mkv</subfield>
    <subfield code="q">MKV</subfield>
    <subfield code="s">55159617621</subfield>
    <subfield code="w">(PICTURAE:MD5)pm_S1V1_2293440-j.mkv;0f95c66df49a68eb365149a120cc3a57</subfield>
  </datafield>
  <datafield tag="856" ind1="7" ind2=" ">
    <subfield code="2">EOS</subfield>
    <subfield code="8">j</subfield>
    <subfield code="d">/eos/media/cds/public/www/digital-memory/media-archive/video/open/mov/2293440-j.mov</subfield>
    <subfield code="q">MOV</subfield>
    <subfield code="s">14842602079</subfield>
    <subfield code="w">(PICTURAE:MD5)am_S1V1_2293440-j.mov;e8c46566fee95ad43b2595d146b24100</subfield>
  </datafield>
  <datafield tag="856" ind1="7" ind2=" ">
    <subfield code="2">EOS</subfield>
    <subfield code="8">c</subfield>
    <subfield code="d">/eos/media/cds/public/www/digital-memory/media-archive/video/open/mkv/2293444-c.mkv</subfield>
    <subfield code="q">MKV</subfield>
    <subfield code="s">70490908018</subfield>
    <subfield code="w">(PICTURAE:MD5)pm_S1V1_2293444-c.mkv;b9d517020571d02d1f246047928b3e81</subfield>
  </datafield>
  <datafield tag="856" ind1="7" ind2=" ">
    <subfield code="2">EOS</subfield>
    <subfield code="8">c</subfield>
    <subfield code="d">/eos/media/cds/public/www/digital-memory/media-archive/video/open/mov/2293444-c.mov</subfield>
    <subfield code="q">MOV</subfield>
    <subfield code="s">18780662156</subfield>
    <subfield code="w">(PICTURAE:MD5)am_S1V1_2293444-c.mov;2ab5db1c4bcf239c8ee7bb31421cb8e8</subfield>
  </datafield>
  <datafield tag="901" ind1=" " ind2=" ">
    <subfield code="u">CERN</subfield>
  </datafield>
  <datafield tag="916" ind1=" " ind2=" ">
    <subfield code="s">h</subfield>
    <subfield code="w">200150</subfield>
  </datafield>
  <datafield tag="960" ind1=" " ind2=" ">
    <subfield code="a">200</subfield>
  </datafield>
  <datafield tag="962" ind1=" " ind2=" ">
    <subfield code="b">456116</subfield>
    <subfield code="n">cern20001010</subfield>
  </datafield>
  <datafield tag="963" ind1=" " ind2=" ">
    <subfield code="a">PUBLIC</subfield>
  </datafield>
  <datafield tag="963" ind1=" " ind2=" ">
    <subfield code="9">review</subfield>
    <subfield code="a">PUBLIC</subfield>
  </datafield>
  <datafield tag="964" ind1=" " ind2=" ">
    <subfield code="a">0001</subfield>
  </datafield>
  <datafield tag="970" ind1=" " ind2=" ">
    <subfield code="a">002286927CER</subfield>
  </datafield>
  <datafield tag="980" ind1=" " ind2=" ">
    <subfield code="a">VIDEOARC</subfield>
  </datafield>
  <datafield tag="980" ind1=" " ind2=" ">
    <subfield code="a">Indico</subfield>
    <subfield code="b">CMTE</subfield>
  </datafield>
  <datafield tag="981" ind1=" " ind2=" ">
    <subfield code="a">2293439</subfield>
  </datafield>
  <datafield tag="981" ind1=" " ind2=" ">
    <subfield code="a">2293440</subfield>
  </datafield>
  <datafield tag="981" ind1=" " ind2=" ">
    <subfield code="a">2293444</subfield>
  </datafield>
</record>