
</collection>
<collection xmlns="http://www.loc.gov/MARC21/slim">
<record>
  <controlfield tag="001">2272950</controlfield>
  <controlfield tag="005">20210326220216.0</controlfield>
  <datafield tag="024" ind1="8" ind2=" ">
    <subfield code="a">oai:cds.cern.ch:2272950</subfield>
    <subfield code="q">cerncds:MEMORIAV</subfield>
  </datafield>
  <datafield tag="041" ind1=" " ind2=" ">
    <subfield code="9">review</subfield>
    <subfield code="a">fre</subfield>
  </datafield>
  <datafield tag="088" ind1=" " ind2=" ">
    <subfield code="9">CERN-VIDEO-T-014</subfield>
  </datafield>
  <datafield tag="245" ind1=" " ind2=" ">
    <subfield code="a">Chantier du Jura du LEP, divers</subfield>
  </datafield>
  <datafield tag="246" ind1=" " ind2=" ">
    <subfield code="p">(a) chantier du Jura du LEP</subfield>
  </datafield>
  <datafield tag="246" ind1=" " ind2=" ">
    <subfield code="p">(b) le 2\xc3\xa8me "renard", juillet 1987</subfield>
  </datafield>
  <datafield tag="246" ind1=" " ind2=" ">
    <subfield code="p">(c) g\xc3\xa9ologie du LEP pour le Jura</subfield>
  </datafield>
  <datafield tag="260" ind1=" " ind2=" ">
    <subfield code="a">Geneva</subfield>
    <subfield code="b">CERN</subfield>
    <subfield code="c">1987 (?)</subfield>
  </datafield>
  <datafield tag="260" ind1=" " ind2=" ">
    <subfield code="9">review</subfield>
    <subfield code="c">1987 (?)</subfield>
  </datafield>
  <datafield tag="300" ind1=" " ind2=" ">
    <subfield code="8">(a)</subfield>
    <subfield code="a">00:18:00</subfield>
  </datafield>
  <datafield tag="300" ind1=" " ind2=" ">
    <subfield code="8">(b)</subfield>
    <subfield code="a">00:19:00</subfield>
  </datafield>
  <datafield tag="300" ind1=" " ind2=" ">
    <subfield code="8">(c)</subfield>
    <subfield code="a">00:18:00</subfield>
  </datafield>
  <datafield tag="337" ind1=" " ind2=" ">
    <subfield code="a">Video</subfield>
  </datafield>
  <datafield tag="340" ind1=" " ind2=" ">
    <subfield code="a">VHS</subfield>
    <subfield code="d">PAL</subfield>
  </datafield>
  <datafield tag="500" ind1=" " ind2=" ">
    <subfield code="a">The video was digitized from its original recording as part of the CERN Digital Memory project</subfield>
  </datafield>
  <datafield tag="511" ind1=" " ind2=" ">
    <subfield code="1">Henri Laporte</subfield>
    <subfield code="8">(a)</subfield>
  </datafield>
  <datafield tag="511" ind1=" " ind2=" ">
    <subfield code="8">(c)</subfield>
    <subfield code="a">Jean-Claude Fourneaux</subfield>
  </datafield>
  <datafield tag="514" ind1=" " ind2=" ">
    <subfield code="a">High frequency interference pattern -  Low audio level - poor quality - out of phase -  Low RF, noisy picture -  Noisy / Saturated audio -  Video tracking issue -  </subfield>
  </datafield>
  <datafield tag="542" ind1=" " ind2=" ">
    <subfield code="d">CERN</subfield>
    <subfield code="g">1987 (?)</subfield>
  </datafield>
  <datafield tag="542" ind1="1" ind2=" ">
    <subfield code="g">1987 (?)</subfield>
    <subfield code="9">review</subfield>
    <subfield code="d">CERN</subfield>
  </datafield>
  <datafield tag="583" ind1="1" ind2=" ">
    <subfield code="i">CREATE-MARC-run20180622_170457</subfield>
    <subfield code="a">digitized</subfield>
    <subfield code="2">pda</subfield>
    <subfield code="f">CERN Digital Memory Project</subfield>
    <subfield code="k">PICTURAE</subfield>
    <subfield code="u">https://cds.cern.ch/record/2257246</subfield>
    <subfield code="5">SzGeCERN</subfield>
    <subfield code="6">WEEK08-public</subfield>
    <subfield code="b">C1V1: Composite\tSignal - U-Matic,\xc2\xa0U-Matic SP,\xc2\xa0VHS, 1 inch C, 1 inch B, Video , Betamax </subfield>
    <subfield code="3"> VHS </subfield>
    <subfield code="f">public</subfield>
    <subfield code="z">
 - VISUAL INSPECTION TABLE of VHS () true  - 
 - RTI VT 460 of VHS () true  - 
 - MANUAL QC GEN of VHS () true  - 
 - MAC-V412 of VHS () true Low RF, noisy picture | High frequency interference pattern | Noisy / Saturated audio | Low audio level - poor quality - out of phase | Video tracking issue - 
 - MANUAL QC GEN of VHS () true  - 
 - MANUAL QC GEN of VHS () true  - 
 - FILE_PRESENCE of VHS () true  - 
      </subfield>
    <subfield code="x">
 - VISUAL INSPECTION TABLE timing: from 16/01/2018 14:50 to 16/01/2018 14:50 -
 - RTI VT 460 timing: from 16/01/2018 14:51 to 16/01/2018 16:17 -
 - MANUAL QC GEN timing: from 16/01/2018 16:17 to 16/01/2018 16:17 -
 - MAC-V412 timing: from 16/01/2018 19:26 to 16/01/2018 20:35 -
 - MANUAL QC GEN timing: from 16/01/2018 20:35 to 16/01/2018 20:35 -
 - MANUAL QC GEN timing: from 16/01/2018 23:25 to 16/01/2018 23:25 -
 - FILE_PRESENCE timing: from 16/01/2018 23:25 to 16/01/2018 23:25 -
       </subfield>
    <subfield code="c">20180116</subfield>
  </datafield>
  <datafield tag="590" ind1=" " ind2=" ">
    <subfield code="9">review</subfield>
    <subfield code="a">melange de prise de vue et de conf\xc3\xa9rence pour expliquer le LEP</subfield>
  </datafield>
  <datafield tag="594" ind1=" " ind2=" ">
    <subfield code="9">review</subfield>
    <subfield code="a">Footage</subfield>
  </datafield>
  <datafield tag="595" ind1=" " ind2=" ">
    <subfield code="a">Pour l\'accident du \xc2\xabRenard\xc2\xbb voir le record: 1108732</subfield>
  </datafield>
  <datafield tag="650" ind1="2" ind2="7">
    <subfield code="9">review</subfield>
    <subfield code="a">Accelerators</subfield>
  </datafield>
  <datafield tag="653" ind1="1" ind2=" ">
    <subfield code="9">review</subfield>
    <subfield code="a">Construction</subfield>
  </datafield>
  <datafield tag="653" ind1="1" ind2=" ">
    <subfield code="9">review</subfield>
    <subfield code="a">LEP</subfield>
  </datafield>
  <datafield tag="653" ind1="1" ind2=" ">
    <subfield code="9">review</subfield>
    <subfield code="a">Tunnel</subfield>
  </datafield>
  <datafield tag="690" ind1="C" ind2=" ">
    <subfield code="a">movingimages</subfield>
  </datafield>
  <datafield tag="690" ind1="C" ind2=" ">
    <subfield code="9">CERN QA</subfield>
    <subfield code="a">quality-controlled</subfield>
  </datafield>
  <datafield tag="690" ind1="C" ind2=" ">
    <subfield code="9">review</subfield>
    <subfield code="a">reviewed</subfield>
  </datafield>
  <datafield tag="852" ind1=" " ind2=" ">
    <subfield code="a">698</subfield>
    <subfield code="c">CM-A00000070</subfield>
  </datafield>
  <datafield tag="856" ind1="4" ind2=" ">
    <subfield code="2">EOS</subfield>
    <subfield code="q">MP4</subfield>
    <subfield code="u">https://cern.ch/digital-memory/media-archive/video/cern/mp4/2272950.mp4</subfield>
    <subfield code="s">611352552</subfield>
    <subfield code="y">Video-2272950</subfield>
    <subfield code="z">mp4 video format (640x360)</subfield>
    <subfield code="w">(PICTURAE:MD5)ac_C1V1_2272950.mp4;e1eb649e4c1607a9e544b727ea42ff07</subfield>
  </datafield>
  <datafield tag="856" ind1="7" ind2=" ">
    <subfield code="2">EOS</subfield>
    <subfield code="q">MKV</subfield>
    <subfield code="d">/eos/media/cds/public/www/digital-memory/media-archive/video/cern/mkv/2272950.mkv</subfield>
    <subfield code="s">52577484483</subfield>
    <subfield code="w">(PICTURAE:MD5)pm_C1V1_2272950.mkv;6995e477c5b98b4f196ca5ea7765d5ca</subfield>
  </datafield>
  <datafield tag="856" ind1="7" ind2=" ">
    <subfield code="2">EOS</subfield>
    <subfield code="q">MOV</subfield>
    <subfield code="d">/eos/media/cds/public/www/digital-memory/media-archive/video/cern/mov/2272950.mov</subfield>
    <subfield code="s">15298728160</subfield>
    <subfield code="w">(PICTURAE:MD5)am_C1V1_2272950.mov;83c60d765e2178e5492ac017ca202567</subfield>
  </datafield>
  <datafield tag="960" ind1=" " ind2=" ">
    <subfield code="a">85</subfield>
  </datafield>
  <datafield tag="960" ind1=" " ind2=" ">
    <subfield code="a">200</subfield>
  </datafield>
  <datafield tag="963" ind1=" " ind2=" ">
    <subfield code="9">review</subfield>
    <subfield code="a">RESTRICTED</subfield>
  </datafield>
  <datafield tag="980" ind1=" " ind2=" ">
    <subfield code="a">VIDEOARC</subfield>
  </datafield>
</record>