
</collection>
<collection xmlns="http://www.loc.gov/MARC21/slim">
<record>
  <controlfield tag="001">2271845</controlfield>
  <controlfield tag="005">20210326220414.0</controlfield>
  <datafield tag="024" ind1="8" ind2=" ">
    <subfield code="a">oai:cds.cern.ch:2271845</subfield>
    <subfield code="q">cerncds:MEMORIAV</subfield>
  </datafield>
  <datafield tag="041" ind1=" " ind2=" ">
    <subfield code="9">review</subfield>
    <subfield code="a">fre</subfield>
  </datafield>
  <datafield tag="245" ind1=" " ind2=" ">
    <subfield code="a">Rushes: Vue en avion de SM18 et PM18, g\xc3\xa9nie civil</subfield>
  </datafield>
  <datafield tag="246" ind1=" " ind2=" ">
    <subfield code="a">Bird's-eye view at SM18 and PM18, civil engineering</subfield>
  </datafield>
  <datafield tag="260" ind1=" " ind2=" ">
    <subfield code="a">Geneva</subfield>
    <subfield code="b">CERN</subfield>
    <subfield code="c">1986 (?)</subfield>
  </datafield>
  <datafield tag="260" ind1=" " ind2=" ">
    <subfield code="9">review</subfield>
    <subfield code="c">1986 0</subfield>
  </datafield>
  <datafield tag="300" ind1=" " ind2=" ">
    <subfield code="a">01:40:00</subfield>
  </datafield>
  <datafield tag="337" ind1=" " ind2=" ">
    <subfield code="a">Video</subfield>
  </datafield>
  <datafield tag="340" ind1=" " ind2=" ">
    <subfield code="a">VHS</subfield>
    <subfield code="j">Copy of 16 mm film</subfield>
  </datafield>
  <datafield tag="500" ind1=" " ind2=" ">
    <subfield code="a">The video was digitized from its original recording as part of the CERN Digital Memory project</subfield>
  </datafield>
  <datafield tag="514" ind1=" " ind2=" ">
    <subfield code="a">High frequency interference pattern -  Low RF, noisy picture -  No audio (silence) -  Video tracking issue -  </subfield>
  </datafield>
  <datafield tag="520" ind1=" " ind2=" ">
    <subfield code="a">Sur un feuillet manuscrit ins\xc3\xa9r\xc3\xa9 dans la jaquette: "Vue en avion SM18 PM 18 en g\xc3\xa9nie civil. Tunnelier t\xc3\xaate arrive fond du puits, je pense PM18. 369 - Dans l\'alimak les ouvriers remontent. 393 - On est en bas PM18, on descend sur la t\xc3\xaate du tunnelier. 500 - Tracks travaill\xc3\xa9 vue de tr\xc3\xa8s haut depuis le haut d\'un UX, 1129 - Pose des tiges dans la soute avec la colle sp\xc3\xa9ciale. 1320 - Pose du grillage avant b\xc3\xa9tonnage. 1447 - Sur une links grande vrille, on broie la terre. 1585 - On d\xc3\xa9marre sur l\'alimak et on zoome arri\xc3\xa8re dans UX25 en g\xc3\xa9nie civil non b\xc3\xa9tonn\xc3\xa9. 1655 - P6 En surface.  Les voussoirs partent pour le bas du puits. 1767 - Le portique va vider un container de terre. 1800 - En bas dans l\'UX, les machines travaillent. 1863 - Les voussoirs arrivent en bas et partent avec le train. On gicle le b\xc3\xa9ton sur le grillage soud\xc3\xa9 dans un U5. 2260 - La t\xc3\xaate tunnelier est enfil\xc3\xa9e dans le tunnel. 2510 - Dans le tunnelier en marche. 2558 - Pose voussoir de pied. Pose des cales et des voussoirs. 2793 - Dans la cabine du pilote."</subfield>
  </datafield>
  <datafield tag="542" ind1=" " ind2=" ">
    <subfield code="d">CERN</subfield>
  </datafield>
  <datafield tag="542" ind1="1" ind2=" ">
    <subfield code="g">1986 0</subfield>
    <subfield code="9">review</subfield>
    <subfield code="d">CERN</subfield>
  </datafield>
  <datafield tag="583" ind1="1" ind2=" ">
    <subfield code="i">CREATE-MARC-run20180622_170346</subfield>
    <subfield code="a">digitized</subfield>
    <subfield code="2">pda</subfield>
    <subfield code="f">CERN Digital Memory Project</subfield>
    <subfield code="k">PICTURAE</subfield>
    <subfield code="u">https://cds.cern.ch/record/2257246</subfield>
    <subfield code="5">SzGeCERN</subfield>
    <subfield code="6">WEEK05-restricted</subfield>
    <subfield code="b">C1V1: Composite\tSignal - U-Matic,\xc2\xa0U-Matic SP,\xc2\xa0VHS, 1 inch C, 1 inch B, Video , Betamax </subfield>
    <subfield code="3"> VHS </subfield>
    <subfield code="f">restricted</subfield>
    <subfield code="z">
 - VISUAL INSPECTION TABLE of VHS () true  - 
 - RTI VT 460 of VHS () true  - 
 - MAC-V408 of VHS () false Video tracking issue - 
 - OVEN of VHS () true  - 
 - RTI VT 460 of VHS () true  - 
 - MAC-V411 of VHS () false Video tracking issue - 
 - OVEN of VHS () true  - 
 - RTI VT 460 of VHS () true  - 
 - MAC-V410 of VHS () true Video tracking issue | Low RF, noisy picture | No audio (silence) | High frequency interference pattern - 
 - MANUAL QC GEN of VHS () true  - 
 - MANUAL QC GEN of VHS () true  - 
 - FILE_PRESENCE of VHS () true  - 
      </subfield>
    <subfield code="x">
 - VISUAL INSPECTION TABLE timing: from 16/01/2018 14:46 to 16/01/2018 14:46 -
 - RTI VT 460 timing: from 16/01/2018 14:46 to 16/01/2018 15:38 -
 - MAC-V408 timing: from 17/01/2018 09:10 to 17/01/2018 09:11 -
 - OVEN timing: from 17/01/2018 14:13 to 19/01/2018 10:11 -
 - RTI VT 460 timing: from 19/01/2018 10:11 to 19/01/2018 10:20 -
 - MAC-V411 timing: from 19/01/2018 10:22 to 19/01/2018 10:22 -
 - OVEN timing: from 19/01/2018 11:02 to 25/01/2018 09:58 -
 - RTI VT 460 timing: from 25/01/2018 10:06 to 25/01/2018 10:10 -
 - MAC-V410 timing: from 25/01/2018 10:55 to 25/01/2018 12:24 -
 - MANUAL QC GEN timing: from 25/01/2018 12:24 to 25/01/2018 12:24 -
 - MANUAL QC GEN timing: from 25/01/2018 23:09 to 25/01/2018 23:09 -
 - FILE_PRESENCE timing: from 25/01/2018 23:09 to 25/01/2018 23:09 -
       </subfield>
    <subfield code="c">20180125</subfield>
  </datafield>
  <datafield tag="590" ind1=" " ind2=" ">
    <subfield code="9">review</subfield>
    <subfield code="a">Vue en avion sur SM18 et PM18</subfield>
  </datafield>
  <datafield tag="594" ind1=" " ind2=" ">
    <subfield code="9">review</subfield>
    <subfield code="a">Footage</subfield>
  </datafield>
  <datafield tag="597" ind1=" " ind2=" ">
    <subfield code="9">review</subfield>
    <subfield code="a">Probl\xc3\xa8me de vid\xc3\xa9o</subfield>
  </datafield>
  <datafield tag="650" ind1="2" ind2="7">
    <subfield code="9">review</subfield>
    <subfield code="a">CERN sceneries</subfield>
  </datafield>
  <datafield tag="653" ind1="1" ind2=" ">
    <subfield code="9">CERN</subfield>
  </datafield>
  <datafield tag="653" ind1="1" ind2=" ">
    <subfield code="9">review</subfield>
    <subfield code="a">Vue en avion de SM18 et PM18</subfield>
  </datafield>
  <datafield tag="653" ind1="1" ind2=" ">
    <subfield code="9">review</subfield>
    <subfield code="a">construction du tunnel</subfield>
  </datafield>
  <datafield tag="690" ind1="C" ind2=" ">
    <subfield code="a">movingimages</subfield>
  </datafield>
  <datafield tag="690" ind1="C" ind2=" ">
    <subfield code="9">review</subfield>
    <subfield code="a">reviewed</subfield>
  </datafield>
  <datafield tag="852" ind1=" " ind2=" ">
    <subfield code="a">698</subfield>
    <subfield code="c">CM-A00000070</subfield>
  </datafield>
  <datafield tag="856" ind1="4" ind2=" ">
    <subfield code="2">EOS</subfield>
    <subfield code="q">MP4</subfield>
    <subfield code="u">https://cern.ch/digital-memory/media-archive/video/cern/mp4/2271845.mp4</subfield>
    <subfield code="s">720971759</subfield>
    <subfield code="y">Video-2271845</subfield>
    <subfield code="z">mp4 video format (640x360)</subfield>
    <subfield code="w">(PICTURAE:MD5)ac_C1V1_2271845.mp4;f4e44d5fcc614516429c7f876c63e8a1</subfield>
  </datafield>
  <datafield tag="856" ind1="7" ind2=" ">
    <subfield code="2">EOS</subfield>
    <subfield code="q">MKV</subfield>
    <subfield code="d">/eos/media/cds/public/www/digital-memory/media-archive/video/cern/mkv/2271845.mkv</subfield>
    <subfield code="s">60348523813</subfield>
    <subfield code="w">(PICTURAE:MD5)pm_C1V1_2271845.mkv;6acf74198fb22b20091d044c59db3200</subfield>
  </datafield>
  <datafield tag="856" ind1="7" ind2=" ">
    <subfield code="2">EOS</subfield>
    <subfield code="q">MOV</subfield>
    <subfield code="d">/eos/media/cds/public/www/digital-memory/media-archive/video/cern/mov/2271845.mov</subfield>
    <subfield code="s">18433930549</subfield>
    <subfield code="w">(PICTURAE:MD5)am_C1V1_2271845.mov;04b5cadfee5d5b0ecd75b35ead18ad55</subfield>
  </datafield>
  <datafield tag="960" ind1=" " ind2=" ">
    <subfield code="a">85</subfield>
  </datafield>
  <datafield tag="960" ind1=" " ind2=" ">
    <subfield code="a">200</subfield>
  </datafield>
  <datafield tag="963" ind1=" " ind2=" ">
    <subfield code="a">PRIVATE</subfield>
  </datafield>
  <datafield tag="963" ind1=" " ind2=" ">
    <subfield code="9">review</subfield>
    <subfield code="a">RESTRICTED</subfield>
  </datafield>
  <datafield tag="980" ind1=" " ind2=" ">
    <subfield code="a">VIDEOARC</subfield>
  </datafield>
</record>