
</collection>
<collection xmlns="http://www.loc.gov/MARC21/slim">
<record>
  <controlfield tag="001">2266819</controlfield>
  <controlfield tag="005">20210326220327.0</controlfield>
  <datafield tag="024" ind1="8" ind2=" ">
    <subfield code="a">oai:cds.cern.ch:2266819</subfield>
    <subfield code="q">cerncds:MEMORIAV</subfield>
  </datafield>
  <datafield tag="041" ind1=" " ind2=" ">
    <subfield code="9">review</subfield>
    <subfield code="a">eng</subfield>
  </datafield>
  <datafield tag="245" ind1=" " ind2=" ">
    <subfield code="a">CERN rushes "Myst\xc3\xa8res de l\'univers", divers</subfield>
  </datafield>
  <datafield tag="246" ind1=" " ind2=" ">
    <subfield code="p">Rush "Antimati\xc3\xa8re"</subfield>
    <subfield code="p">Rush "Miroir de l\'univers"</subfield>
  </datafield>
  <datafield tag="246" ind1=" " ind2=" ">
    <subfield code="p">Animations X 3 Maury</subfield>
  </datafield>
  <datafield tag="246" ind1=" " ind2=" ">
    <subfield code="p">Un \xc3\xa9pisode de "Star Treck"</subfield>
  </datafield>
  <datafield tag="260" ind1=" " ind2=" ">
    <subfield code="a">Geneva</subfield>
    <subfield code="b">CERN</subfield>
    <subfield code="c">1999</subfield>
  </datafield>
  <datafield tag="260" ind1=" " ind2=" ">
    <subfield code="9">review</subfield>
    <subfield code="c">1999</subfield>
  </datafield>
  <datafield tag="269" ind1=" " ind2=" ">
    <subfield code="c">1999-01</subfield>
  </datafield>
  <datafield tag="337" ind1=" " ind2=" ">
    <subfield code="a">Video</subfield>
  </datafield>
  <datafield tag="340" ind1=" " ind2=" ">
    <subfield code="a">Betacam SP</subfield>
  </datafield>
  <datafield tag="500" ind1=" " ind2=" ">
    <subfield code="a">The video was digitized from its original recording as part of the CERN Digital Memory project</subfield>
  </datafield>
  <datafield tag="500" ind1=" " ind2=" ">
    <subfield code="a">During the curation of digitized tapes and films in 2020, this record was identified with duplicated original medias.</subfield>
  </datafield>
  <datafield tag="514" ind1=" " ind2=" ">
    <subfield code="a">Audio present but not on all channels -  Videotape dubbing error -  </subfield>
  </datafield>
  <datafield tag="518" ind1=" " ind2=" ">
    <subfield code="a">1999-01, CERN</subfield>
  </datafield>
  <datafield tag="542" ind1=" " ind2=" ">
    <subfield code="d">CERN</subfield>
    <subfield code="g">1999</subfield>
  </datafield>
  <datafield tag="542" ind1="1" ind2=" ">
    <subfield code="g">1999</subfield>
    <subfield code="9">review</subfield>
    <subfield code="d">CERN</subfield>
  </datafield>
  <datafield tag="583" ind1="1" ind2=" ">
    <subfield code="i">CREATE-MARC-run20180622_170446</subfield>
    <subfield code="a">digitized</subfield>
    <subfield code="2">pda</subfield>
    <subfield code="f">CERN Digital Memory Project</subfield>
    <subfield code="k">PICTURAE</subfield>
    <subfield code="u">https://cds.cern.ch/record/2257246</subfield>
    <subfield code="5">SzGeCERN</subfield>
    <subfield code="6">WEEK08-restricted</subfield>
    <subfield code="b">S1V1: SDI Signal - Digital Betacam, Betacam SP, Betacam, Betacam SX, DVCAM, DVCPRO, DV/Mini DV</subfield>
    <subfield code="3"> Betacam </subfield>
    <subfield code="f">restricted</subfield>
    <subfield code="z">
 - VISUAL INSPECTION TABLE of Betacam () true  - 
 - RTI VT 4100 of Betacam () true  - 
 - MAC-V015 of Betacam () true Videotape dubbing error | Audio present but not on all channels - 
 - MANUAL QC GEN of Betacam () true  - 
 - FILE_PRESENCE of Betacam () true  - 
      </subfield>
    <subfield code="x">
 - VISUAL INSPECTION TABLE timing: from 15/02/2018 09:29 to 15/02/2018 09:29 -
 - RTI VT 4100 timing: from 15/02/2018 09:29 to 15/02/2018 09:33 -
 - MAC-V015 timing: from 15/02/2018 12:54 to 15/02/2018 13:24 -
 - MANUAL QC GEN timing: from 15/02/2018 23:10 to 15/02/2018 23:10 -
 - FILE_PRESENCE timing: from 15/02/2018 23:10 to 15/02/2018 23:10 -
       </subfield>
    <subfield code="c">20180215</subfield>
  </datafield>
  <datafield tag="583" ind1=" " ind2=" ">
    <subfield code="a">curation</subfield>
    <subfield code="c">Decembre 2020</subfield>
    <subfield code="z"> -Audio: TRUE -Video Signal: TRUE -Multiple: FALSE -Relevant to CERN: TRUE -Action required: To be removed -Duplicate: TRUE</subfield>
  </datafield>
  <datafield tag="583" ind1="1" ind2=" ">
    <subfield code="3">Betacam</subfield>
    <subfield code="b"> S1V1 </subfield>
    <subfield code="n">24,34</subfield>
    <subfield code="o">minutes</subfield>
    <subfield code="x">Audio present but not on all channels; Videotape dubbing error</subfield>
  </datafield>
  <datafield tag="590" ind1=" " ind2=" ">
    <subfield code="9">review</subfield>
    <subfield code="a">Experimentation d\'une machine</subfield>
  </datafield>
  <datafield tag="594" ind1=" " ind2=" ">
    <subfield code="9">review</subfield>
    <subfield code="a">Footage</subfield>
  </datafield>
  <datafield tag="597" ind1=" " ind2=" ">
    <subfield code="9">review</subfield>
    <subfield code="a">Du d\xc3\xa9but jusqu\'\xc3\xa0 04:20</subfield>
  </datafield>
  <datafield tag="650" ind1="2" ind2="7">
    <subfield code="9">review</subfield>
    <subfield code="a">Experiments visualisation</subfield>
  </datafield>
  <datafield tag="690" ind1="C" ind2=" ">
    <subfield code="a">movingimages</subfield>
  </datafield>
  <datafield tag="690" ind1="C" ind2=" ">
    <subfield code="9">CERN QA</subfield>
    <subfield code="a">quality-controlled</subfield>
  </datafield>
  <datafield tag="690" ind1="C" ind2=" ">
    <subfield code="9">review</subfield>
    <subfield code="a">reviewed</subfield>
  </datafield>
  <datafield tag="787" ind1=" " ind2=" ">
    <subfield code="i">Corresponding talk</subfield>
    <subfield code="w">423794</subfield>
  </datafield>
  <datafield tag="787" ind1=" " ind2=" ">
    <subfield code="i">Corresponding video</subfield>
    <subfield code="w">886084</subfield>
  </datafield>
  <datafield tag="852" ind1=" " ind2=" ">
    <subfield code="a">698</subfield>
    <subfield code="c">CM-A00000066</subfield>
  </datafield>
  <datafield tag="856" ind1="4" ind2=" ">
    <subfield code="2">EOS</subfield>
    <subfield code="q">MP4</subfield>
    <subfield code="u">https://cern.ch/digital-memory/media-archive/video/cern/mp4/2266819.mp4</subfield>
    <subfield code="s">230034058</subfield>
    <subfield code="y">Video-2266819</subfield>
    <subfield code="z">mp4 video format (640x360)</subfield>
    <subfield code="w">(PICTURAE:MD5)ac_S1V1_2266819.mp4;8016f9457e0e107288de30541226b192</subfield>
  </datafield>
  <datafield tag="856" ind1="7" ind2=" ">
    <subfield code="2">EOS</subfield>
    <subfield code="q">MKV</subfield>
    <subfield code="d">/eos/media/cds/public/www/digital-memory/media-archive/video/cern/mkv/2266819.mkv</subfield>
    <subfield code="s">18359614536</subfield>
    <subfield code="w">(PICTURAE:MD5)pm_S1V1_2266819.mkv;6ac87b4968b49643138daa1ed45804cb</subfield>
  </datafield>
  <datafield tag="856" ind1="7" ind2=" ">
    <subfield code="2">EOS</subfield>
    <subfield code="q">MOV</subfield>
    <subfield code="d">/eos/media/cds/public/www/digital-memory/media-archive/video/cern/mov/2266819.mov</subfield>
    <subfield code="s">4673418721</subfield>
    <subfield code="w">(PICTURAE:MD5)am_S1V1_2266819.mov;815d8a64ad3ecafed8335acbf805fe4a</subfield>
  </datafield>
  <datafield tag="960" ind1=" " ind2=" ">
    <subfield code="a">85</subfield>
  </datafield>
  <datafield tag="960" ind1=" " ind2=" ">
    <subfield code="a">200</subfield>
  </datafield>
  <datafield tag="961" ind1=" " ind2=" ">
    <subfield code="a">Tom Barth\xc3\xa9l\xc3\xa9my</subfield>
    <subfield code="b">Curator</subfield>
    <subfield code="x">2021-03-01</subfield>
  </datafield>
  <datafield tag="963" ind1=" " ind2=" ">
    <subfield code="a">PRIVATE</subfield>
  </datafield>
  <datafield tag="963" ind1=" " ind2=" ">
    <subfield code="9">review</subfield>
    <subfield code="a">RESTRICTED</subfield>
  </datafield>
  <datafield tag="980" ind1=" " ind2=" ">
    <subfield code="a">VIDEOARC</subfield>
  </datafield>
</record>