
</collection>
<collection xmlns="http://www.loc.gov/MARC21/slim">
<record>
  <controlfield tag="001">2262000</controlfield>
  <controlfield tag="005">20210326220054.0</controlfield>
  <datafield tag="024" ind1="8" ind2=" ">
    <subfield code="a">oai:cds.cern.ch:2262000</subfield>
    <subfield code="p">cerncds:MEMORIAV</subfield>
  </datafield>
  <datafield tag="041" ind1=" " ind2=" ">
    <subfield code="9">review</subfield>
    <subfield code="a">fre</subfield>
  </datafield>
  <datafield tag="041" ind1=" " ind2=" ">
    <subfield code="9">review</subfield>
    <subfield code="a">eng, fre</subfield>
  </datafield>
  <datafield tag="245" ind1=" " ind2=" ">
    <subfield code="a">Only 2</subfield>
  </datafield>
  <datafield tag="246" ind1=" " ind2=" ">
    <subfield code="a">Rien que 2</subfield>
  </datafield>
  <datafield tag="337" ind1=" " ind2=" ">
    <subfield code="a">Video</subfield>
  </datafield>
  <datafield tag="340" ind1=" " ind2=" ">
    <subfield code="a">U-matic</subfield>
  </datafield>
  <datafield tag="340" ind1=" " ind2=" ">
    <subfield code="a">U-matic SP</subfield>
  </datafield>
  <datafield tag="500" ind1=" " ind2=" ">
    <subfield code="a">The video was digitized from its original recording as part of the CERN Digital Memory project</subfield>
  </datafield>
  <datafield tag="514" ind1=" " ind2=" ">
    <subfield code="a">Magnetic tape broken -  Binding issue - Sticky -  High frequency interference pattern -  Low RF, noisy picture -  Video tracking issue -  Binding issue - Sticky -  Low RF, noisy picture -  Video tracking issue -</subfield>
  </datafield>
  <datafield tag="514" ind1=" " ind2=" ">
    <subfield code="8">1</subfield>
    <subfield code="a">Magnetic tape broken -</subfield>
  </datafield>
  <datafield tag="518" ind1=" " ind2=" ">
    <subfield code="a">1976</subfield>
  </datafield>
  <datafield tag="542" ind1=" " ind2=" ">
    <subfield code="d">CERN</subfield>
    <subfield code="g">1976</subfield>
  </datafield>
  <datafield tag="542" ind1="1" ind2=" ">
    <subfield code="9">review</subfield>
    <subfield code="d">CERN</subfield>
  </datafield>
  <datafield tag="583" ind1="1" ind2=" ">
    <subfield code="2">pda</subfield>
    <subfield code="3">U-Matic</subfield>
    <subfield code="5">SzGeCERN</subfield>
    <subfield code="6">WEEK51-public</subfield>
    <subfield code="a">digitized</subfield>
    <subfield code="b">C1V1: Composite\tSignal - U-Matic,\xc2\xa0U-Matic SP,\xc2\xa0VHS, 1 inch C, 1 inch B, Video , Betamax</subfield>
    <subfield code="c">20171127</subfield>
    <subfield code="f">CERN Digital Memory Project</subfield>
    <subfield code="f">public</subfield>
    <subfield code="i">CREATE-MARC-run20180620_1030</subfield>
    <subfield code="k">PICTURAE</subfield>
    <subfield code="u">https://cds.cern.ch/record/2257246</subfield>
    <subfield code="x">- VISUAL INSPECTION TABLE timing: from 25/10/2017 09:07 to 25/10/2017 09:07 -
 - RTI VT 3100 timing: from 25/10/2017 09:25 to 25/10/2017 10:18 -
 - MAC-V021 timing: from 25/10/2017 11:05 to 25/10/2017 11:19 -
 - OVEN timing: from 26/10/2017 08:49 to 27/10/2017 12:04 -
 - RTI VT 3100 timing: from 30/10/2017 10:06 to 30/10/2017 10:13 -
 - RTI VT 3100 timing: from 30/10/2017 11:02 to 30/10/2017 11:02 -
 - MAC-V022 timing: from 16/11/2017 17:15 to 16/11/2017 17:15 -
 - OVEN timing: from 17/11/2017 16:43 to 21/11/2017 16:10 -
 - VISUAL INSPECTION TABLE timing: from 23/11/2017 09:38 to 23/11/2017 09:38 -
 - RTI VT 3100 timing: from 23/11/2017 09:38 to 23/11/2017 09:44 -
 - MAC-V025 timing: from 23/11/2017 12:36 to 23/11/2017 13:14 -
 - MANUAL QC GEN timing: from 23/11/2017 21:55 to 23/11/2017 21:55 -
 - FILE_PRESENCE timing: from 23/11/2017 21:55 to 23/11/2017 21:55 -
 - VISUAL INSPECTION TABLE timing: from 25/10/2017 09:11 to 25/10/2017 09:11 -
 - RTI VT 3100 timing: from 25/10/2017 09:25 to 25/10/2017 10:41 -
 - MAC-V021 timing: from 25/10/2017 12:06 to 25/10/2017 12:09 -
 - REJECT timing: from 25/10/2017 12:09 to 25/10/2017 12:09 -
 - TAPE REPAIR timing: from 08/01/2018 16:28 to 08/01/2018 16:30 -
 - RTI VT 3100 timing: from 09/01/2018 09:16 to 09/01/2018 09:57 -
 - MAC-V022 timing: from 09/01/2018 10:29 to 09/01/2018 10:47 -
 - MANUAL QC GEN timing: from 09/01/2018 20:06 to 09/01/2018 20:06 -
 - FILE_PRESENCE timing: from 09/01/2018 20:06 to 09/01/2018 20:06 -
 - VISUAL INSPECTION TABLE timing: from 25/10/2017 09:07 to 25/10/2017 09:07 -
 - RTI VT 3100 timing: from 25/10/2017 09:25 to 25/10/2017 10:23 -
 - MAC-V026 timing: from 25/10/2017 11:45 to 25/10/2017 11:45 -
 - OVEN timing: from 26/10/2017 08:49 to 27/10/2017 12:00 -
 - VISUAL INSPECTION TABLE timing: from 30/10/2017 10:54 to 30/10/2017 10:54 -
 - RTI VT 3100 timing: from 30/10/2017 10:54 to 30/10/2017 11:02 -
 - MAC-V023 timing: from 20/11/2017 09:18 to 20/11/2017 09:33 -
 - OVEN timing: from 21/11/2017 16:19 to 22/11/2017 20:06 -
 - RTI VT 3100 timing: from 25/11/2017 10:02 to 25/11/2017 10:08 -
 - MAC-V026 timing: from 27/11/2017 15:01 to 27/11/2017 15:03 -
 - REJECT timing: from 27/11/2017 15:03 to 27/11/2017 15:03 -</subfield>
    <subfield code="z">- VISUAL INSPECTION TABLE of U-Matic () true  - 
 - RTI VT 3100 of U-Matic () true  - 
 - MAC-V021 of U-Matic () false Binding issue - Sticky - 
 - OVEN of U-Matic () true  - 
 - RTI VT 3100 of U-Matic () true  - 
 - RTI VT 3100 of U-Matic () true  - 
 - MAC-V022 of U-Matic () false Video tracking issue - 
 - OVEN of U-Matic () true  - 
 - VISUAL INSPECTION TABLE of U-Matic () true  - 
 - RTI VT 3100 of U-Matic () true  - 
 - MAC-V025 of U-Matic () true Low RF, noisy picture | Video tracking issue - 
 - MANUAL QC GEN of U-Matic () true  - 
 - FILE_PRESENCE of U-Matic () true  - 
 - VISUAL INSPECTION TABLE of U-Matic () true  - 
 - RTI VT 3100 of U-Matic () true  - 
 - MAC-V021 of U-Matic () false Magnetic tape broken - 
 - REJECT of U-Matic () true Magnetic tape broken - 
 - TAPE REPAIR of U-Matic () true  - 
 - RTI VT 3100 of U-Matic () true  - 
 - MAC-V022 of U-Matic () true  - 
 - MANUAL QC GEN of U-Matic () true  - 
 - FILE_PRESENCE of U-Matic () true  - 
 - VISUAL INSPECTION TABLE of U-Matic () true  - 
 - RTI VT 3100 of U-Matic () true  - 
 - MAC-V026 of U-Matic () false Binding issue - Sticky - 
 - OVEN of U-Matic () true  - 
 - VISUAL INSPECTION TABLE of U-Matic () true  - 
 - RTI VT 3100 of U-Matic () true  - 
 - MAC-V023 of U-Matic () false Low RF, noisy picture | Video tracking issue | High frequency interference pattern - 
 - OVEN of U-Matic () true  - 
 - RTI VT 3100 of U-Matic () true  - 
 - MAC-V026 of U-Matic () false Low RF, noisy picture | Video tracking issue | High frequency interference pattern - 
 - REJECT of U-Matic () true Low RF, noisy picture | Video tracking issue | High frequency interference pattern -</subfield>
  </datafield>
  <datafield tag="583" ind1="1" ind2=" ">
    <subfield code="2">pda</subfield>
    <subfield code="3">U-Matic</subfield>
    <subfield code="5">SzGeCERN</subfield>
    <subfield code="6">WEEK52-public</subfield>
    <subfield code="a">digitized</subfield>
    <subfield code="b">C1V1: Composite\tSignal - U-Matic,\xc2\xa0U-Matic SP,\xc2\xa0VHS, 1 inch C, 1 inch B, Video , Betamax</subfield>
    <subfield code="c">20171127</subfield>
    <subfield code="f">CERN Digital Memory Project</subfield>
    <subfield code="f">public</subfield>
    <subfield code="i">CREATE-MARC-run20180620_1037</subfield>
    <subfield code="k">PICTURAE</subfield>
    <subfield code="u">https://cds.cern.ch/record/2257246</subfield>
    <subfield code="x">- VISUAL INSPECTION TABLE timing: from 25/10/2017 09:07 to 25/10/2017 09:07 -
 - RTI VT 3100 timing: from 25/10/2017 09:25 to 25/10/2017 10:18 -
 - MAC-V021 timing: from 25/10/2017 11:05 to 25/10/2017 11:19 -
 - OVEN timing: from 26/10/2017 08:49 to 27/10/2017 12:04 -
 - RTI VT 3100 timing: from 30/10/2017 10:06 to 30/10/2017 10:13 -
 - RTI VT 3100 timing: from 30/10/2017 11:02 to 30/10/2017 11:02 -
 - MAC-V022 timing: from 16/11/2017 17:15 to 16/11/2017 17:15 -
 - OVEN timing: from 17/11/2017 16:43 to 21/11/2017 16:10 -
 - VISUAL INSPECTION TABLE timing: from 23/11/2017 09:38 to 23/11/2017 09:38 -
 - RTI VT 3100 timing: from 23/11/2017 09:38 to 23/11/2017 09:44 -
 - MAC-V025 timing: from 23/11/2017 12:36 to 23/11/2017 13:14 -
 - MANUAL QC GEN timing: from 23/11/2017 21:55 to 23/11/2017 21:55 -
 - FILE_PRESENCE timing: from 23/11/2017 21:55 to 23/11/2017 21:55 -
 - VISUAL INSPECTION TABLE timing: from 25/10/2017 09:11 to 25/10/2017 09:11 -
 - RTI VT 3100 timing: from 25/10/2017 09:25 to 25/10/2017 10:41 -
 - MAC-V021 timing: from 25/10/2017 12:06 to 25/10/2017 12:09 -
 - REJECT timing: from 25/10/2017 12:09 to 25/10/2017 12:09 -
 - TAPE REPAIR timing: from 08/01/2018 16:28 to 08/01/2018 16:30 -
 - RTI VT 3100 timing: from 09/01/2018 09:16 to 09/01/2018 09:57 -
 - MAC-V022 timing: from 09/01/2018 10:29 to 09/01/2018 10:47 -
 - MANUAL QC GEN timing: from 09/01/2018 20:06 to 09/01/2018 20:06 -
 - FILE_PRESENCE timing: from 09/01/2018 20:06 to 09/01/2018 20:06 -
 - VISUAL INSPECTION TABLE timing: from 25/10/2017 09:07 to 25/10/2017 09:07 -
 - RTI VT 3100 timing: from 25/10/2017 09:25 to 25/10/2017 10:23 -
 - MAC-V026 timing: from 25/10/2017 11:45 to 25/10/2017 11:45 -
 - OVEN timing: from 26/10/2017 08:49 to 27/10/2017 12:00 -
 - VISUAL INSPECTION TABLE timing: from 30/10/2017 10:54 to 30/10/2017 10:54 -
 - RTI VT 3100 timing: from 30/10/2017 10:54 to 30/10/2017 11:02 -
 - MAC-V023 timing: from 20/11/2017 09:18 to 20/11/2017 09:33 -
 - OVEN timing: from 21/11/2017 16:19 to 22/11/2017 20:06 -
 - RTI VT 3100 timing: from 25/11/2017 10:02 to 25/11/2017 10:08 -
 - MAC-V026 timing: from 27/11/2017 15:01 to 27/11/2017 15:03 -
 - REJECT timing: from 27/11/2017 15:03 to 27/11/2017 15:03 -</subfield>
    <subfield code="z">- VISUAL INSPECTION TABLE of U-Matic () true  - 
 - RTI VT 3100 of U-Matic () true  - 
 - MAC-V021 of U-Matic () false Binding issue - Sticky - 
 - OVEN of U-Matic () true  - 
 - RTI VT 3100 of U-Matic () true  - 
 - RTI VT 3100 of U-Matic () true  - 
 - MAC-V022 of U-Matic () false Video tracking issue - 
 - OVEN of U-Matic () true  - 
 - VISUAL INSPECTION TABLE of U-Matic () true  - 
 - RTI VT 3100 of U-Matic () true  - 
 - MAC-V025 of U-Matic () true Low RF, noisy picture | Video tracking issue - 
 - MANUAL QC GEN of U-Matic () true  - 
 - FILE_PRESENCE of U-Matic () true  - 
 - VISUAL INSPECTION TABLE of U-Matic () true  - 
 - RTI VT 3100 of U-Matic () true  - 
 - MAC-V021 of U-Matic () false Magnetic tape broken - 
 - REJECT of U-Matic () true Magnetic tape broken - 
 - TAPE REPAIR of U-Matic () true  - 
 - RTI VT 3100 of U-Matic () true  - 
 - MAC-V022 of U-Matic () true  - 
 - MANUAL QC GEN of U-Matic () true  - 
 - FILE_PRESENCE of U-Matic () true  - 
 - VISUAL INSPECTION TABLE of U-Matic () true  - 
 - RTI VT 3100 of U-Matic () true  - 
 - MAC-V026 of U-Matic () false Binding issue - Sticky - 
 - OVEN of U-Matic () true  - 
 - VISUAL INSPECTION TABLE of U-Matic () true  - 
 - RTI VT 3100 of U-Matic () true  - 
 - MAC-V023 of U-Matic () false Low RF, noisy picture | Video tracking issue | High frequency interference pattern - 
 - OVEN of U-Matic () true  - 
 - RTI VT 3100 of U-Matic () true  - 
 - MAC-V026 of U-Matic () false Low RF, noisy picture | Video tracking issue | High frequency interference pattern - 
 - REJECT of U-Matic () true Low RF, noisy picture | Video tracking issue | High frequency interference pattern -</subfield>
  </datafield>
  <datafield tag="583" ind1="1" ind2=" ">
    <subfield code="2">pda</subfield>
    <subfield code="3">U-Matic</subfield>
    <subfield code="5">SzGeCERN</subfield>
    <subfield code="6">WEEK05-public</subfield>
    <subfield code="8">1</subfield>
    <subfield code="a">digitized</subfield>
    <subfield code="b">C1V1: Composite\tSignal - U-Matic,\xc2\xa0U-Matic SP,\xc2\xa0VHS, 1 inch C, 1 inch B, Video , Betamax</subfield>
    <subfield code="c">20180109</subfield>
    <subfield code="f">CERN Digital Memory Project</subfield>
    <subfield code="f">public</subfield>
    <subfield code="i">CREATE-MARC-run20180622_170353</subfield>
    <subfield code="k">PICTURAE</subfield>
    <subfield code="u">https://cds.cern.ch/record/2257246</subfield>
    <subfield code="x">- VISUAL INSPECTION TABLE timing: from 25/10/2017 09:11 to 25/10/2017 09:11 -
 - RTI VT 3100 timing: from 25/10/2017 09:25 to 25/10/2017 10:41 -
 - MAC-V021 timing: from 25/10/2017 12:06 to 25/10/2017 12:09 -
 - REJECT timing: from 25/10/2017 12:09 to 25/10/2017 12:09 -
 - TAPE REPAIR timing: from 08/01/2018 16:28 to 08/01/2018 16:30 -
 - RTI VT 3100 timing: from 09/01/2018 09:16 to 09/01/2018 09:57 -
 - MAC-V022 timing: from 09/01/2018 10:29 to 09/01/2018 10:47 -
 - MANUAL QC GEN timing: from 09/01/2018 20:06 to 09/01/2018 20:06 -
 - FILE_PRESENCE timing: from 09/01/2018 20:06 to 09/01/2018 20:06 -</subfield>
    <subfield code="z">- VISUAL INSPECTION TABLE of U-Matic () true  - 
 - RTI VT 3100 of U-Matic () true  - 
 - MAC-V021 of U-Matic () false Magnetic tape broken - 
 - REJECT of U-Matic () true Magnetic tape broken - 
 - TAPE REPAIR of U-Matic () true  - 
 - RTI VT 3100 of U-Matic () true  - 
 - MAC-V022 of U-Matic () true  - 
 - MANUAL QC GEN of U-Matic () true  - 
 - FILE_PRESENCE of U-Matic () true  -</subfield>
  </datafield>
  <datafield tag="590" ind1=" " ind2=" ">
    <subfield code="9">review</subfield>
    <subfield code="a">Piece de theatre sur le CERN</subfield>
  </datafield>
  <datafield tag="594" ind1=" " ind2=" ">
    <subfield code="9">review</subfield>
    <subfield code="a">Movie</subfield>
  </datafield>
  <datafield tag="595" ind1=" " ind2=" ">
    <subfield code="a">CERN EDS</subfield>
  </datafield>
  <datafield tag="597" ind1=" " ind2=" ">
    <subfield code="9">review</subfield>
    <subfield code="a">13:00 debut de la meme video</subfield>
  </datafield>
  <datafield tag="597" ind1=" " ind2=" ">
    <subfield code="9">review</subfield>
    <subfield code="a">Film en noir et blanc Fin Vid\xc3\xa9o :13:25 La Vid\xc3\xa9o commence du D\xc3\xa9but \xc3\xa0 15:31</subfield>
  </datafield>
  <datafield tag="597" ind1=" " ind2=" ">
    <subfield code="9">review</subfield>
    <subfield code="8">1</subfield>
    <subfield code="a">Doublon Vid\xc3\xa9o 2262000-1</subfield>
  </datafield>
  <datafield tag="598" ind1=" " ind2=" ">
    <subfield code="a">Copyright CERN 1976</subfield>
  </datafield>
  <datafield tag="650" ind1="2" ind2="7">
    <subfield code="9">review</subfield>
    <subfield code="a">Portraits of science</subfield>
  </datafield>
  <datafield tag="650" ind1="2" ind2="7">
    <subfield code="9">review</subfield>
    <subfield code="a">CERN sceneries</subfield>
  </datafield>
  <datafield tag="653" ind1="1" ind2=" ">
    <subfield code="9">CERN</subfield>
    <subfield code="a">Spectacle</subfield>
  </datafield>
  <datafield tag="653" ind1="1" ind2=" ">
    <subfield code="9">review</subfield>
    <subfield code="a">Only 2</subfield>
  </datafield>
  <datafield tag="653" ind1="1" ind2=" ">
    <subfield code="9">review</subfield>
    <subfield code="a">piece de theatre</subfield>
  </datafield>
  <datafield tag="653" ind1="1" ind2=" ">
    <subfield code="9">review</subfield>
    <subfield code="a">Eurovision</subfield>
  </datafield>
  <datafield tag="653" ind1="1" ind2=" ">
    <subfield code="9">review</subfield>
    <subfield code="a">theatre</subfield>
  </datafield>
  <datafield tag="653" ind1="1" ind2=" ">
    <subfield code="9">review</subfield>
    <subfield code="a">cern</subfield>
  </datafield>
  <datafield tag="690" ind1="C" ind2=" ">
    <subfield code="a">movingimages</subfield>
  </datafield>
  <datafield tag="690" ind1="C" ind2=" ">
    <subfield code="9">review</subfield>
    <subfield code="a">reviewed</subfield>
  </datafield>
  <datafield tag="787" ind1=" " ind2=" ">
    <subfield code="i">Corresponding audio record</subfield>
    <subfield code="w">941209</subfield>
  </datafield>
  <datafield tag="852" ind1=" " ind2=" ">
    <subfield code="a">698</subfield>
    <subfield code="c">CM-A00000064</subfield>
    <subfield code="j">original</subfield>
    <subfield code="x">U-matic</subfield>
  </datafield>
  <datafield tag="852" ind1=" " ind2=" ">
    <subfield code="a">698</subfield>
    <subfield code="c">CM-A00000064</subfield>
    <subfield code="j">copy</subfield>
    <subfield code="t">1</subfield>
    <subfield code="x">U-matic</subfield>
  </datafield>
  <datafield tag="852" ind1=" " ind2=" ">
    <subfield code="a">698</subfield>
    <subfield code="c">CM-A00000064</subfield>
    <subfield code="j">copy 2001-10</subfield>
    <subfield code="t">2</subfield>
    <subfield code="x">U-matic</subfield>
  </datafield>
  <datafield tag="856" ind1="4" ind2=" ">
    <subfield code="2">EOS</subfield>
    <subfield code="q">MP4</subfield>
    <subfield code="s">306011806</subfield>
    <subfield code="u">https://cern.ch/digital-memory/media-archive/video/open/mp4/2262000.mp4</subfield>
    <subfield code="w">(PICTURAE:MD5)ac_C1V1_2262000.mp4;a35a63bf168c3910bc680b638fc0e73f</subfield>
    <subfield code="y">Video-2262000</subfield>
    <subfield code="z">mp4 video format (640x360)</subfield>
  </datafield>
  <datafield tag="856" ind1="7" ind2=" ">
    <subfield code="2">EOS</subfield>
    <subfield code="d">/eos/media/cds/public/www/digital-memory/media-archive/video/open/mkv/2262000.mkv</subfield>
    <subfield code="q">MKV</subfield>
    <subfield code="s">18036937110</subfield>
    <subfield code="w">(PICTURAE:MD5)pm_C1V1_2262000.mkv;251364e630fb2d8d09b8ddcf294b085b</subfield>
  </datafield>
  <datafield tag="856" ind1="7" ind2=" ">
    <subfield code="2">EOS</subfield>
    <subfield code="d">/eos/media/cds/public/www/digital-memory/media-archive/video/open/mov/2262000.mov</subfield>
    <subfield code="q">MOV</subfield>
    <subfield code="s">7353668739</subfield>
    <subfield code="w">(PICTURAE:MD5)am_C1V1_2262000.mov;6611348b1f2861da2a3be58029df96b4</subfield>
  </datafield>
  <datafield tag="960" ind1=" " ind2=" ">
    <subfield code="a">85</subfield>
  </datafield>
  <datafield tag="960" ind1=" " ind2=" ">
    <subfield code="a">200</subfield>
  </datafield>
  <datafield tag="963" ind1=" " ind2=" ">
    <subfield code="a">PUBLIC</subfield>
  </datafield>
  <datafield tag="963" ind1=" " ind2=" ">
    <subfield code="9">review</subfield>
    <subfield code="a">PUBLIC</subfield>
  </datafield>
  <datafield tag="980" ind1=" " ind2=" ">
    <subfield code="a">VIDEOARC</subfield>
  </datafield>
</record>