
</collection>
<collection xmlns="http://www.loc.gov/MARC21/slim">
<record>
  <controlfield tag="001">2261063</controlfield>
  <controlfield tag="005">20210326220010.0</controlfield>
  <datafield tag="024" ind1="8" ind2=" ">
    <subfield code="a">oai:cds.cern.ch:2261063</subfield>
    <subfield code="q">cerncds:MEMORIAV</subfield>
  </datafield>
  <datafield tag="245" ind1=" " ind2=" ">
    <subfield code="a">SPS (1)</subfield>
  </datafield>
  <datafield tag="246" ind1=" " ind2=" ">
    <subfield code="a">Raymond Rausch</subfield>
  </datafield>
  <datafield tag="260" ind1=" " ind2=" ">
    <subfield code="a">Geneva</subfield>
    <subfield code="b">CERN</subfield>
    <subfield code="c">1995</subfield>
  </datafield>
  <datafield tag="260" ind1=" " ind2=" ">
    <subfield code="9">review</subfield>
    <subfield code="c">1995</subfield>
  </datafield>
  <datafield tag="269" ind1=" " ind2=" ">
    <subfield code="c">1995-01</subfield>
  </datafield>
  <datafield tag="269" ind1=" " ind2=" ">
    <subfield code="a">1995-02</subfield>
  </datafield>
  <datafield tag="337" ind1=" " ind2=" ">
    <subfield code="a">Video</subfield>
  </datafield>
  <datafield tag="340" ind1=" " ind2=" ">
    <subfield code="a">Betacam SP</subfield>
  </datafield>
  <datafield tag="500" ind1=" " ind2=" ">
    <subfield code="a">The video was digitized from its original recording as part of the CERN Digital Memory project</subfield>
  </datafield>
  <datafield tag="514" ind1=" " ind2=" ">
    <subfield code="a">Audio present but not on all channels -  </subfield>
  </datafield>
  <datafield tag="518" ind1=" " ind2=" ">
    <subfield code="a">1995-01</subfield>
  </datafield>
  <datafield tag="518" ind1=" " ind2=" ">
    <subfield code="a">1995-02</subfield>
  </datafield>
  <datafield tag="542" ind1=" " ind2=" ">
    <subfield code="d">CERN</subfield>
    <subfield code="g">1995</subfield>
  </datafield>
  <datafield tag="542" ind1="1" ind2=" ">
    <subfield code="g">1995</subfield>
    <subfield code="9">review</subfield>
    <subfield code="d">CERN</subfield>
  </datafield>
  <datafield tag="583" ind1="1" ind2=" ">
    <subfield code="i">CREATE-MARC-run20180622_170457</subfield>
    <subfield code="a">digitized</subfield>
    <subfield code="2">pda</subfield>
    <subfield code="f">CERN Digital Memory Project</subfield>
    <subfield code="k">PICTURAE</subfield>
    <subfield code="u">https://cds.cern.ch/record/2257246</subfield>
    <subfield code="5">SzGeCERN</subfield>
    <subfield code="6">WEEK08-public</subfield>
    <subfield code="b">S1V1: SDI Signal - Digital Betacam, Betacam SP, Betacam, Betacam SX, DVCAM, DVCPRO, DV/Mini DV</subfield>
    <subfield code="3"> Betacam </subfield>
    <subfield code="f">public</subfield>
    <subfield code="z">
 - VISUAL INSPECTION TABLE of Betacam () true  - 
 - RTI VT 4100 of Betacam () true  - 
 - MAC-V012 of Betacam () true Audio present but not on all channels - 
 - MANUAL QC GEN of Betacam () true  - 
 - FILE_PRESENCE of Betacam () true  - 
      </subfield>
    <subfield code="x">
 - VISUAL INSPECTION TABLE timing: from 12/02/2018 16:11 to 12/02/2018 16:11 -
 - RTI VT 4100 timing: from 12/02/2018 16:19 to 13/02/2018 10:52 -
 - MAC-V012 timing: from 15/02/2018 15:21 to 15/02/2018 16:00 -
 - MANUAL QC GEN timing: from 16/02/2018 01:03 to 16/02/2018 01:03 -
 - FILE_PRESENCE timing: from 16/02/2018 01:03 to 16/02/2018 01:03 -
       </subfield>
    <subfield code="c">20180216</subfield>
  </datafield>
  <datafield tag="590" ind1=" " ind2=" ">
    <subfield code="9">review</subfield>
    <subfield code="a">Video montrant l\'installation et explication de l\'experience SPS</subfield>
  </datafield>
  <datafield tag="594" ind1=" " ind2=" ">
    <subfield code="9">review</subfield>
    <subfield code="a">Footage</subfield>
  </datafield>
  <datafield tag="595" ind1=" " ind2=" ">
    <subfield code="a">Le support porte un autre nom difficilement lisible: "Tal (?) Ball"</subfield>
  </datafield>
  <datafield tag="597" ind1=" " ind2=" ">
    <subfield code="9">review</subfield>
    <subfield code="a">pas de son jusqu\'\xc3\xa0 : 16:42 fin video : 23:30</subfield>
  </datafield>
  <datafield tag="650" ind1="2" ind2="7">
    <subfield code="9">review</subfield>
    <subfield code="a">Machines</subfield>
  </datafield>
  <datafield tag="653" ind1="1" ind2=" ">
    <subfield code="9">review</subfield>
    <subfield code="a">LEP</subfield>
  </datafield>
  <datafield tag="653" ind1="1" ind2=" ">
    <subfield code="9">review</subfield>
    <subfield code="a">SPS</subfield>
  </datafield>
  <datafield tag="690" ind1="C" ind2=" ">
    <subfield code="a">movingimages</subfield>
  </datafield>
  <datafield tag="690" ind1="C" ind2=" ">
    <subfield code="9">CERN QA</subfield>
    <subfield code="a">quality-controlled</subfield>
  </datafield>
  <datafield tag="690" ind1="C" ind2=" ">
    <subfield code="9">review</subfield>
    <subfield code="a">reviewed</subfield>
  </datafield>
  <datafield tag="852" ind1=" " ind2=" ">
    <subfield code="a">698</subfield>
    <subfield code="c">CM-A00000065</subfield>
  </datafield>
  <datafield tag="856" ind1="4" ind2=" ">
    <subfield code="2">EOS</subfield>
    <subfield code="q">MP4</subfield>
    <subfield code="u">https://cern.ch/digital-memory/media-archive/video/cern/mp4/2261063.mp4</subfield>
    <subfield code="s">298051110</subfield>
    <subfield code="y">Video-2261063</subfield>
    <subfield code="z">mp4 video format (640x360)</subfield>
    <subfield code="w">(PICTURAE:MD5)ac_S1V1_2261063.mp4;7e56f2c33f555bd216e7e3295b95c676</subfield>
  </datafield>
  <datafield tag="856" ind1="7" ind2=" ">
    <subfield code="2">EOS</subfield>
    <subfield code="q">MKV</subfield>
    <subfield code="d">/eos/media/cds/public/www/digital-memory/media-archive/video/cern/mkv/2261063.mkv</subfield>
    <subfield code="s">27951260196</subfield>
    <subfield code="w">(PICTURAE:MD5)pm_S1V1_2261063.mkv;e64e9730c8a97f867d5080f55a97c62a</subfield>
  </datafield>
  <datafield tag="856" ind1="7" ind2=" ">
    <subfield code="2">EOS</subfield>
    <subfield code="q">MOV</subfield>
    <subfield code="d">/eos/media/cds/public/www/digital-memory/media-archive/video/cern/mov/2261063.mov</subfield>
    <subfield code="s">7476539295</subfield>
    <subfield code="w">(PICTURAE:MD5)am_S1V1_2261063.mov;981966f646027c79f371f197d06faedc</subfield>
  </datafield>
  <datafield tag="960" ind1=" " ind2=" ">
    <subfield code="a">85</subfield>
  </datafield>
  <datafield tag="960" ind1=" " ind2=" ">
    <subfield code="a">200</subfield>
  </datafield>
  <datafield tag="963" ind1=" " ind2=" ">
    <subfield code="9">review</subfield>
    <subfield code="a">RESTRICTED</subfield>
  </datafield>
  <datafield tag="980" ind1=" " ind2=" ">
    <subfield code="a">VIDEOARC</subfield>
  </datafield>
</record>